[
    {
        "date": "2021-12-31",
        "symbol": "AAL",
        "reportedCurrency": "USD",
        "cik": "0000006201",
        "fillingDate": "2022-02-22",
        "acceptedDate": "2022-02-22 08:03:11",
        "calendarYear": "2021",
        "period": "FY",
        "revenue": 29882000000,
        "costOfRevenue": 29855000000,
        "grossProfit": 27000000,
        "grossProfitRatio": 0.0009035539789840038,
        "researchAndDevelopmentExpenses": 0,
        "generalAndAdministrativeExpenses": 0,
        "sellingAndMarketingExpenses": 1098000000,
        "sellingGeneralAndAdministrativeExpenses": 1098000000,
        "otherExpenses": 3975000000,
        "operatingExpenses": 5073000000,
        "costAndExpenses": 34928000000,
        "interestIncome": 18000000,
        "interestExpense": 1800000000,
        "depreciationAndAmortization": 2335000000,
        "ebitda": 1587000000,
        "ebitdaratio": 0.053108894986948665,
        "operatingIncome": -1059000000,
        "operatingIncomeRatio": -0.0354393949534837,
        "totalOtherIncomeExpensesNet": -1489000000,
        "incomeBeforeTax": -2548000000,
        "incomeBeforeTaxRatio": -0.08526872364634228,
        "incomeTaxExpense": -555000000,
        "netIncome": -1993000000,
        "netIncomeRatio": -0.06669566963389331,
        "eps": -3.09,
        "epsdiluted": -3.09,
        "weightedAverageShsOut": 644015000,
        "weightedAverageShsOutDil": 644015000,
        "link": "https://www.sec.gov/Archives/edgar/data/6201/000000620122000026/0000006201-22-000026-index.htm",
        "finalLink": "https://www.sec.gov/Archives/edgar/data/6201/000000620122000026/aal-20211231.htm"
    },
    {
        "date": "2020-12-31",
        "symbol": "AAL",
        "reportedCurrency": "USD",
        "cik": "0000006201",
        "fillingDate": "2021-02-17",
        "acceptedDate": "2021-02-17 17:17:57",
        "calendarYear": "2020",
        "period": "FY",
        "revenue": 17337000000,
        "costOfRevenue": 24933000000,
        "grossProfit": -7596000000,
        "grossProfitRatio": -0.43813808617407857,
        "researchAndDevelopmentExpenses": 0,
        "generalAndAdministrativeExpenses": 0,
        "sellingAndMarketingExpenses": 513000000,
        "sellingGeneralAndAdministrativeExpenses": 513000000,
        "otherExpenses": 2969000000,
        "operatingExpenses": 3482000000,
        "costAndExpenses": 28415000000,
        "interestIncome": 41000000,
        "interestExpense": 1227000000,
        "depreciationAndAmortization": 2370000000,
        "ebitda": -7856000000,
        "ebitdaratio": -0.45313491376824133,
        "operatingIncome": -10421000000,
        "operatingIncomeRatio": -0.6010843859952703,
        "totalOtherIncomeExpensesNet": -1032000000,
        "incomeBeforeTax": -11453000000,
        "incomeBeforeTaxRatio": -0.6606102555228701,
        "incomeTaxExpense": -2568000000,
        "netIncome": -8885000000,
        "netIncomeRatio": -0.512487742977447,
        "eps": -18.36,
        "epsdiluted": -18.36,
        "weightedAverageShsOut": 483888000,
        "weightedAverageShsOutDil": 483888000,
        "link": "https://www.sec.gov/Archives/edgar/data/6201/000000620121000014/0000006201-21-000014-index.htm",
        "finalLink": "https://www.sec.gov/Archives/edgar/data/6201/000000620121000014/aal-20201231.htm"
    },
    {
        "date": "2019-12-31",
        "symbol": "AAL",
        "reportedCurrency": "USD",
        "cik": "0000006201",
        "fillingDate": "2020-02-19",
        "acceptedDate": "2020-02-19 07:31:30",
        "calendarYear": "2019",
        "period": "FY",
        "revenue": 45768000000,
        "costOfRevenue": 35379000000,
        "grossProfit": 10389000000,
        "grossProfitRatio": 0.2269926586261143,
        "researchAndDevelopmentExpenses": 0,
        "generalAndAdministrativeExpenses": 0,
        "sellingAndMarketingExpenses": 1602000000,
        "sellingGeneralAndAdministrativeExpenses": 1602000000,
        "otherExpenses": 5100000000,
        "operatingExpenses": 6702000000,
        "costAndExpenses": 42081000000,
        "interestIncome": 127000000,
        "interestExpense": 1095000000,
        "depreciationAndAmortization": 2318000000,
        "ebitda": 5669000000,
        "ebitdaratio": 0.12386383499388219,
        "operatingIncome": 3065000000,
        "operatingIncomeRatio": 0.0669681873798287,
        "totalOtherIncomeExpensesNet": -809000000,
        "incomeBeforeTax": 2256000000,
        "incomeBeforeTaxRatio": 0.04929208180388044,
        "incomeTaxExpense": 570000000,
        "netIncome": 1686000000,
        "netIncomeRatio": 0.036837965390665965,
        "eps": 3.8,
        "epsdiluted": 3.79,
        "weightedAverageShsOut": 443363000,
        "weightedAverageShsOutDil": 444269000,
        "link": "https://www.sec.gov/Archives/edgar/data/6201/000000620120000023/0000006201-20-000023-index.htm",
        "finalLink": "https://www.sec.gov/Archives/edgar/data/6201/000000620120000023/a10k123119.htm"
    },
    {
        "date": "2018-12-31",
        "symbol": "AAL",
        "reportedCurrency": "USD",
        "cik": "0000006201",
        "fillingDate": "2019-02-25",
        "acceptedDate": "2019-02-25 07:31:34",
        "calendarYear": "2018",
        "period": "FY",
        "revenue": 44541000000,
        "costOfRevenue": 34490000000,
        "grossProfit": 10051000000,
        "grossProfitRatio": 0.22565725960351138,
        "researchAndDevelopmentExpenses": 0,
        "generalAndAdministrativeExpenses": 0,
        "sellingAndMarketingExpenses": 1520000000,
        "sellingGeneralAndAdministrativeExpenses": 1520000000,
        "otherExpenses": 5119000000,
        "operatingExpenses": 6639000000,
        "costAndExpenses": 41129000000,
        "interestIncome": 118000000,
        "interestExpense": 1056000000,
        "depreciationAndAmortization": 2159000000,
        "ebitda": 5099000000,
        "ebitdaratio": 0.11447879481825733,
        "operatingIncome": 2656000000,
        "operatingIncomeRatio": 0.05963045284120249,
        "totalOtherIncomeExpensesNet": -772000000,
        "incomeBeforeTax": 1884000000,
        "incomeBeforeTaxRatio": 0.042298107361756584,
        "incomeTaxExpense": 472000000,
        "netIncome": 1412000000,
        "netIncomeRatio": 0.03170112929660313,
        "eps": 3.04,
        "epsdiluted": 3.03,
        "weightedAverageShsOut": 464236000,
        "weightedAverageShsOutDil": 465660000,
        "link": "https://www.sec.gov/Archives/edgar/data/6201/000000620119000009/0000006201-19-000009-index.htm",
        "finalLink": "https://www.sec.gov/Archives/edgar/data/6201/000000620119000009/a10k123118.htm"
    },
    {
        "date": "2017-12-31",
        "symbol": "AAL",
        "reportedCurrency": "USD",
        "cik": "0000006201",
        "fillingDate": "2018-02-21",
        "acceptedDate": "2018-02-21 08:02:40",
        "calendarYear": "2017",
        "period": "FY",
        "revenue": 42207000000,
        "costOfRevenue": 31154000000,
        "grossProfit": 11053000000,
        "grossProfitRatio": 0.2618759921340062,
        "researchAndDevelopmentExpenses": 0,
        "generalAndAdministrativeExpenses": 0,
        "sellingAndMarketingExpenses": 1477000000,
        "sellingGeneralAndAdministrativeExpenses": 1477000000,
        "otherExpenses": 4940000000,
        "operatingExpenses": 6417000000,
        "costAndExpenses": 37571000000,
        "interestIncome": 94000000,
        "interestExpense": 1053000000,
        "depreciationAndAmortization": 2017000000,
        "ebitda": 6154000000,
        "ebitdaratio": 0.14580519818987372,
        "operatingIncome": 4058000000,
        "operatingIncomeRatio": 0.09614518918662782,
        "totalOtherIncomeExpensesNet": -974000000,
        "incomeBeforeTax": 3084000000,
        "incomeBeforeTaxRatio": 0.07306844836164617,
        "incomeTaxExpense": 1165000000,
        "netIncome": 1919000000,
        "netIncomeRatio": 0.04546639183073898,
        "eps": 3.92,
        "epsdiluted": 3.9,
        "weightedAverageShsOut": 489164000,
        "weightedAverageShsOutDil": 491692000,
        "link": "https://www.sec.gov/Archives/edgar/data/6201/000000620118000009/0000006201-18-000009-index.htm",
        "finalLink": "https://www.sec.gov/Archives/edgar/data/6201/000000620118000009/a10k123117.htm"
    },
    {
        "date": "2016-12-31",
        "symbol": "AAL",
        "reportedCurrency": "USD",
        "cik": "0000006201",
        "fillingDate": "2017-02-22",
        "acceptedDate": "2017-02-22 08:01:43",
        "calendarYear": "2016",
        "period": "FY",
        "revenue": 40180000000,
        "costOfRevenue": 28339000000,
        "grossProfit": 11841000000,
        "grossProfitRatio": 0.2946988551518168,
        "researchAndDevelopmentExpenses": 0,
        "generalAndAdministrativeExpenses": 0,
        "sellingAndMarketingExpenses": 1323000000,
        "sellingGeneralAndAdministrativeExpenses": 1323000000,
        "otherExpenses": 4525000000,
        "operatingExpenses": 5848000000,
        "costAndExpenses": 34187000000,
        "interestIncome": 63000000,
        "interestExpense": 991000000,
        "depreciationAndAmortization": 1818000000,
        "ebitda": 7108000000,
        "ebitdaratio": 0.17690393230462917,
        "operatingIncome": 5284000000,
        "operatingIncomeRatio": 0.13150821304131408,
        "totalOtherIncomeExpensesNet": -985000000,
        "incomeBeforeTax": 4299000000,
        "incomeBeforeTaxRatio": 0.10699352911896466,
        "incomeTaxExpense": 1623000000,
        "netIncome": 2676000000,
        "netIncomeRatio": 0.06660029865604779,
        "eps": 4.85,
        "epsdiluted": 4.81,
        "weightedAverageShsOut": 552308000,
        "weightedAverageShsOutDil": 556099000,
        "link": "https://www.sec.gov/Archives/edgar/data/6201/000119312517051216/0001193125-17-051216-index.htm",
        "finalLink": "https://www.sec.gov/Archives/edgar/data/6201/000119312517051216/d286458d10k.htm"
    },
    {
        "date": "2015-12-31",
        "symbol": "AAL",
        "reportedCurrency": "USD",
        "cik": "0000006201",
        "fillingDate": "2016-02-24",
        "acceptedDate": "2016-02-24 08:04:10",
        "calendarYear": "2015",
        "period": "FY",
        "revenue": 40990000000,
        "costOfRevenue": 27967000000,
        "grossProfit": 13023000000,
        "grossProfitRatio": 0.3177116369846304,
        "researchAndDevelopmentExpenses": 0,
        "generalAndAdministrativeExpenses": 0,
        "sellingAndMarketingExpenses": 1394000000,
        "sellingGeneralAndAdministrativeExpenses": 1394000000,
        "otherExpenses": 4374000000,
        "operatingExpenses": 5768000000,
        "costAndExpenses": 33735000000,
        "interestIncome": 39000000,
        "interestExpense": 880000000,
        "depreciationAndAmortization": 1609000000,
        "ebitda": 7105000000,
        "ebitdaratio": 0.17333495974627958,
        "operatingIncome": 6204000000,
        "operatingIncomeRatio": 0.15135398877775066,
        "totalOtherIncomeExpensesNet": -1588000000,
        "incomeBeforeTax": 4616000000,
        "incomeBeforeTaxRatio": 0.11261283239814589,
        "incomeTaxExpense": -2994000000,
        "netIncome": 7610000000,
        "netIncomeRatio": 0.185655037814101,
        "eps": 11.39,
        "epsdiluted": 11.07,
        "weightedAverageShsOut": 668393000,
        "weightedAverageShsOutDil": 687355000,
        "link": "https://www.sec.gov/Archives/edgar/data/6201/000119312516474605/0001193125-16-474605-index.htm",
        "finalLink": "https://www.sec.gov/Archives/edgar/data/6201/000119312516474605/d78287d10k.htm"
    },
    {
        "date": "2014-12-31",
        "symbol": "AAL",
        "reportedCurrency": "USD",
        "cik": "0000006201",
        "fillingDate": "2015-02-25",
        "acceptedDate": "2015-02-25 08:02:34",
        "calendarYear": "2014",
        "period": "FY",
        "revenue": 42650000000,
        "costOfRevenue": 31939000000,
        "grossProfit": 10711000000,
        "grossProfitRatio": 0.251137162954279,
        "researchAndDevelopmentExpenses": 0,
        "generalAndAdministrativeExpenses": 0,
        "sellingAndMarketingExpenses": 1544000000,
        "sellingGeneralAndAdministrativeExpenses": 1544000000,
        "otherExpenses": 4118000000,
        "operatingExpenses": 5662000000,
        "costAndExpenses": 37601000000,
        "interestIncome": 31000000,
        "interestExpense": 887000000,
        "depreciationAndAmortization": 1513000000,
        "ebitda": 5612000000,
        "ebitdaratio": 0.13158264947245019,
        "operatingIncome": 4249000000,
        "operatingIncomeRatio": 0.09962485345838218,
        "totalOtherIncomeExpensesNet": -1037000000,
        "incomeBeforeTax": 3212000000,
        "incomeBeforeTaxRatio": 0.07531066822977725,
        "incomeTaxExpense": 330000000,
        "netIncome": 2882000000,
        "netIncomeRatio": 0.06757327080890974,
        "eps": 4.02,
        "epsdiluted": 3.93,
        "weightedAverageShsOut": 717456000,
        "weightedAverageShsOutDil": 734016000,
        "link": "https://www.sec.gov/Archives/edgar/data/6201/000119312515061145/0001193125-15-061145-index.htm",
        "finalLink": "https://www.sec.gov/Archives/edgar/data/6201/000119312515061145/d829913d10k.htm"
    },
    {
        "date": "2013-12-31",
        "symbol": "AAL",
        "reportedCurrency": "USD",
        "cik": "0000006201",
        "fillingDate": "2014-02-28",
        "acceptedDate": "2014-02-28 07:52:16",
        "calendarYear": "2013",
        "period": "FY",
        "revenue": 26743000000,
        "costOfRevenue": 20658000000,
        "grossProfit": 6085000000,
        "grossProfitRatio": 0.22753617769135848,
        "researchAndDevelopmentExpenses": 0,
        "generalAndAdministrativeExpenses": 0,
        "sellingAndMarketingExpenses": 1158000000,
        "sellingGeneralAndAdministrativeExpenses": 1158000000,
        "otherExpenses": 2969000000,
        "operatingExpenses": 4127000000,
        "costAndExpenses": 24785000000,
        "interestIncome": 20000000,
        "interestExpense": 856000000,
        "depreciationAndAmortization": 1020000000,
        "ebitda": -304000000,
        "ebitdaratio": -0.011367460643906816,
        "operatingIncome": 1399000000,
        "operatingIncomeRatio": 0.052312754739558015,
        "totalOtherIncomeExpensesNet": -3579000000,
        "incomeBeforeTax": -2180000000,
        "incomeBeforeTaxRatio": -0.0815166585648581,
        "incomeTaxExpense": -346000000,
        "netIncome": -1834000000,
        "netIncomeRatio": -0.0685786934898852,
        "eps": -17.03,
        "epsdiluted": -17.03,
        "weightedAverageShsOut": 107645000,
        "weightedAverageShsOutDil": 107645000,
        "link": "https://www.sec.gov/Archives/edgar/data/6201/000000620114000004/0000006201-14-000004-index.htm",
        "finalLink": "https://www.sec.gov/Archives/edgar/data/6201/000000620114000004/aagaa10k-20131231.htm"
    },
    {
        "date": "2012-12-31",
        "symbol": "AAL",
        "reportedCurrency": "USD",
        "cik": "0000006201",
        "fillingDate": "2013-02-20",
        "acceptedDate": "2013-02-20 16:01:06",
        "calendarYear": "2012",
        "period": "FY",
        "revenue": 24855000000,
        "costOfRevenue": 20419000000,
        "grossProfit": 4436000000,
        "grossProfitRatio": 0.17847515590424462,
        "researchAndDevelopmentExpenses": 0,
        "generalAndAdministrativeExpenses": 0,
        "sellingAndMarketingExpenses": 0,
        "sellingGeneralAndAdministrativeExpenses": 0,
        "otherExpenses": 3942000000,
        "operatingExpenses": 3942000000,
        "costAndExpenses": 24361000000,
        "interestIncome": 26000000,
        "interestExpense": 612000000,
        "depreciationAndAmortization": 1015000000,
        "ebitda": -818000000,
        "ebitdaratio": -0.03291088312210823,
        "operatingIncome": 107000000,
        "operatingIncomeRatio": 0.004304968819151076,
        "totalOtherIncomeExpensesNet": -2552000000,
        "incomeBeforeTax": -2445000000,
        "incomeBeforeTaxRatio": -0.09837054918527459,
        "incomeTaxExpense": -569000000,
        "netIncome": -1876000000,
        "netIncomeRatio": -0.07547777107221887,
        "eps": -14.993307,
        "epsdiluted": -14.993307,
        "weightedAverageShsOut": 125122500,
        "weightedAverageShsOutDil": 125122500,
        "link": "https://www.sec.gov/Archives/edgar/data/6201/000000620113000023/0000006201-13-000023-index.htm",
        "finalLink": "https://www.sec.gov/Archives/edgar/data/6201/000000620113000023/amr-10kx20121231.htm"
    },
    {
        "date": "2011-12-31",
        "symbol": "AAL",
        "reportedCurrency": "USD",
        "cik": "0000006201",
        "fillingDate": "2012-02-15",
        "acceptedDate": "2012-02-15 16:50:27",
        "calendarYear": "2011",
        "period": "FY",
        "revenue": 23979000000,
        "costOfRevenue": 11682000000,
        "grossProfit": 12297000000,
        "grossProfitRatio": 0.5128237207556612,
        "researchAndDevelopmentExpenses": 0,
        "generalAndAdministrativeExpenses": 7571000000,
        "sellingAndMarketingExpenses": 1062000000,
        "sellingGeneralAndAdministrativeExpenses": 8633000000,
        "otherExpenses": 3993000000,
        "operatingExpenses": 12626000000,
        "costAndExpenses": 24308000000,
        "interestIncome": 26000000,
        "interestExpense": 786000000,
        "depreciationAndAmortization": 1086000000,
        "ebitda": -107000000,
        "ebitdaratio": -0.0044622377914008094,
        "operatingIncome": -1054000000,
        "operatingIncomeRatio": -0.04395512740314442,
        "totalOtherIncomeExpensesNet": -925000000,
        "incomeBeforeTax": -1979000000,
        "incomeBeforeTaxRatio": -0.08253054756245047,
        "incomeTaxExpense": 0,
        "netIncome": -1979000000,
        "netIncomeRatio": -0.08253054756245047,
        "eps": -15.823293,
        "epsdiluted": -15.823293,
        "weightedAverageShsOut": 125122500,
        "weightedAverageShsOutDil": 125122500,
        "link": "https://www.sec.gov/Archives/edgar/data/6201/000119312512063516/0001193125-12-063516-index.htm",
        "finalLink": "https://www.sec.gov/Archives/edgar/data/6201/000119312512063516/d259681d10k.htm"
    },
    {
        "date": "2010-12-31",
        "symbol": "AAL",
        "reportedCurrency": "USD",
        "cik": "0000006201",
        "fillingDate": "2011-02-16",
        "acceptedDate": "2011-02-16 16:29:46",
        "calendarYear": "2010",
        "period": "FY",
        "revenue": 22170000000,
        "costOfRevenue": 6221000000,
        "grossProfit": 15949000000,
        "grossProfitRatio": 0.7193955796120884,
        "researchAndDevelopmentExpenses": 0,
        "generalAndAdministrativeExpenses": 6847000000,
        "sellingAndMarketingExpenses": 976000000,
        "sellingGeneralAndAdministrativeExpenses": 7823000000,
        "otherExpenses": 3822000000,
        "operatingExpenses": 11645000000,
        "costAndExpenses": 17866000000,
        "interestIncome": 57000000,
        "interestExpense": 823000000,
        "depreciationAndAmortization": 1093000000,
        "ebitda": 1410000000,
        "ebitdaratio": 0.06359945872801083,
        "operatingIncome": 308000000,
        "operatingIncomeRatio": 0.013892647722147046,
        "totalOtherIncomeExpensesNet": -814000000,
        "incomeBeforeTax": -506000000,
        "incomeBeforeTaxRatio": -0.022823635543527288,
        "incomeTaxExpense": -35000000,
        "netIncome": -471000000,
        "netIncomeRatio": -0.02124492557510149,
        "eps": -3.7751,
        "epsdiluted": -3.7751,
        "weightedAverageShsOut": 124375500,
        "weightedAverageShsOutDil": 124375500,
        "link": "https://www.sec.gov/Archives/edgar/data/6201/000095012311014726/0000950123-11-014726-index.htm",
        "finalLink": "https://www.sec.gov/Archives/edgar/data/6201/000095012311014726/d78201e10vk.htm"
    },
    {
        "date": "2009-12-31",
        "symbol": "AAL",
        "reportedCurrency": "USD",
        "cik": "0000006201",
        "fillingDate": "2010-02-17",
        "acceptedDate": "2010-02-17 16:02:35",
        "calendarYear": "2009",
        "period": "FY",
        "revenue": 19917000000,
        "costOfRevenue": 5462000000,
        "grossProfit": 14455000000,
        "grossProfitRatio": 0.7257619119345283,
        "researchAndDevelopmentExpenses": 0,
        "generalAndAdministrativeExpenses": 6807000000,
        "sellingAndMarketingExpenses": 853000000,
        "sellingGeneralAndAdministrativeExpenses": 7660000000,
        "otherExpenses": 3912000000,
        "operatingExpenses": 11572000000,
        "costAndExpenses": 17034000000,
        "interestIncome": 34000000,
        "interestExpense": 702000000,
        "depreciationAndAmortization": 1104000000,
        "ebitda": 54000000,
        "ebitdaratio": 0.0027112516945323093,
        "operatingIncome": -1004000000,
        "operatingIncomeRatio": -0.05040919817241552,
        "totalOtherIncomeExpensesNet": -748000000,
        "incomeBeforeTax": -1752000000,
        "incomeBeforeTaxRatio": -0.08796505497815936,
        "incomeTaxExpense": -284000000,
        "netIncome": -1468000000,
        "netIncomeRatio": -0.07370587939950796,
        "eps": -13.360107,
        "epsdiluted": -13.360107,
        "weightedAverageShsOut": 109809000,
        "weightedAverageShsOutDil": 109809000,
        "link": "https://www.sec.gov/Archives/edgar/data/6201/000000620110000006/0000006201-10-000006-index.htm",
        "finalLink": "https://www.sec.gov/Archives/edgar/data/6201/000000620110000006/ar123109.htm"
    },
    {
        "date": "2008-12-31",
        "symbol": "AAL",
        "reportedCurrency": "USD",
        "cik": "0000006201",
        "fillingDate": "2008-12-31",
        "acceptedDate": "2008-12-30 19:00:00",
        "calendarYear": "2008",
        "period": "FY",
        "revenue": 23766000000,
        "costOfRevenue": 8979000000,
        "grossProfit": 14787000000,
        "grossProfitRatio": 0.622191365816713,
        "researchAndDevelopmentExpenses": 0,
        "generalAndAdministrativeExpenses": 6655000000,
        "sellingAndMarketingExpenses": 997000000,
        "sellingGeneralAndAdministrativeExpenses": 7652000000,
        "otherExpenses": 4231000000,
        "operatingExpenses": 11883000000,
        "costAndExpenses": 20862000000,
        "interestIncome": 181000000,
        "interestExpense": 723000000,
        "depreciationAndAmortization": 1207000000,
        "ebitda": -141000000,
        "ebitdaratio": -0.005932845241100732,
        "operatingIncome": -1889000000,
        "operatingIncomeRatio": -0.07948329546410839,
        "totalOtherIncomeExpensesNet": -182000000,
        "incomeBeforeTax": -2071000000,
        "incomeBeforeTaxRatio": -0.08714129428595473,
        "incomeTaxExpense": 0,
        "netIncome": -2071000000,
        "netIncomeRatio": -0.08714129428595473,
        "eps": -21.365462,
        "epsdiluted": -21.365462,
        "weightedAverageShsOut": 96736500,
        "weightedAverageShsOutDil": 96736500,
        "link": "",
        "finalLink": ""
    },
    {
        "date": "2007-12-31",
        "symbol": "AAL",
        "reportedCurrency": "USD",
        "cik": "0000006201",
        "fillingDate": "2007-12-31",
        "acceptedDate": "2007-12-30 19:00:00",
        "calendarYear": "2007",
        "period": "FY",
        "revenue": 22935000000,
        "costOfRevenue": 6392000000,
        "grossProfit": 16543000000,
        "grossProfitRatio": 0.721299324177022,
        "researchAndDevelopmentExpenses": 0,
        "generalAndAdministrativeExpenses": 6770000000,
        "sellingAndMarketingExpenses": 1028000000,
        "sellingGeneralAndAdministrativeExpenses": 7798000000,
        "otherExpenses": 4042000000,
        "operatingExpenses": 11840000000,
        "costAndExpenses": 18232000000,
        "interestIncome": 357000000,
        "interestExpense": 914000000,
        "depreciationAndAmortization": 1202000000,
        "ebitda": 2620000000,
        "ebitdaratio": 0.11423588402005669,
        "operatingIncome": 965000000,
        "operatingIncomeRatio": 0.0420754305646392,
        "totalOtherIncomeExpensesNet": -461000000,
        "incomeBeforeTax": 504000000,
        "incomeBeforeTaxRatio": 0.02197514715500327,
        "incomeTaxExpense": 0,
        "netIncome": 504000000,
        "netIncomeRatio": 0.02197514715500327,
        "eps": 5.515395,
        "epsdiluted": 4.76573,
        "weightedAverageShsOut": 91507500,
        "weightedAverageShsOutDil": 111676500,
        "link": "",
        "finalLink": ""
    },
    {
        "date": "2006-12-31",
        "symbol": "AAL",
        "reportedCurrency": "USD",
        "cik": "0000006201",
        "fillingDate": "2007-02-23",
        "acceptedDate": "2007-02-22 17:48:29",
        "calendarYear": "2006",
        "period": "FY",
        "revenue": 22563000000,
        "costOfRevenue": 14346000000,
        "grossProfit": 8217000000,
        "grossProfitRatio": 0.36418029517351413,
        "researchAndDevelopmentExpenses": 0,
        "generalAndAdministrativeExpenses": 9778000000,
        "sellingAndMarketingExpenses": -1076000000,
        "sellingGeneralAndAdministrativeExpenses": 8702000000,
        "otherExpenses": 14690000000,
        "operatingExpenses": 23392000000,
        "costAndExpenses": 37738000000,
        "interestIncome": 0,
        "interestExpense": 0,
        "depreciationAndAmortization": 1157000000,
        "ebitda": 1388000000,
        "ebitdaratio": 0.06151664229047556,
        "operatingIncome": 1060000000,
        "operatingIncomeRatio": 0.046979568319815625,
        "totalOtherIncomeExpensesNet": -829000000,
        "incomeBeforeTax": 231000000,
        "incomeBeforeTaxRatio": 0.010238000265922085,
        "incomeTaxExpense": 0,
        "netIncome": 231000000,
        "netIncomeRatio": 0.010238000265922085,
        "eps": 3.025435,
        "epsdiluted": 2.623829,
        "weightedAverageShsOut": 76352655,
        "weightedAverageShsOutDil": 88039286,
        "link": "https://www.sec.gov/Archives/edgar/data/6201/000095013407003888/0000950134-07-003888-index.htm",
        "finalLink": "https://www.sec.gov/Archives/edgar/data/6201/000095013407003888/d43815e10vk.htm"
    },
    {
        "date": "2005-12-31",
        "symbol": "AAL",
        "reportedCurrency": "USD",
        "cik": "0000006201",
        "fillingDate": "2006-02-24",
        "acceptedDate": "2006-02-24 14:07:30",
        "calendarYear": "2005",
        "period": "FY",
        "revenue": 20712000000,
        "costOfRevenue": 13626000000,
        "grossProfit": 7086000000,
        "grossProfitRatio": 0.3421205098493627,
        "researchAndDevelopmentExpenses": 0,
        "generalAndAdministrativeExpenses": 9721000000,
        "sellingAndMarketingExpenses": -1113000000,
        "sellingGeneralAndAdministrativeExpenses": 8608000000,
        "otherExpenses": 14050000000,
        "operatingExpenses": 22658000000,
        "costAndExpenses": 36284000000,
        "interestIncome": 0,
        "interestExpense": 0,
        "depreciationAndAmortization": 1164000000,
        "ebitda": 303000000,
        "ebitdaratio": 0.014629200463499421,
        "operatingIncome": -93000000,
        "operatingIncomeRatio": -0.0044901506373117035,
        "totalOtherIncomeExpensesNet": -768000000,
        "incomeBeforeTax": -861000000,
        "incomeBeforeTaxRatio": -0.04157010428736964,
        "incomeTaxExpense": 0,
        "netIncome": -861000000,
        "netIncomeRatio": -0.04157010428736964,
        "eps": -13.94913,
        "epsdiluted": -13.94913,
        "weightedAverageShsOut": 61724280,
        "weightedAverageShsOutDil": 61724280,
        "link": "https://www.sec.gov/Archives/edgar/data/6201/000095013406003715/0000950134-06-003715-index.htm",
        "finalLink": "https://www.sec.gov/Archives/edgar/data/6201/000095013406003715/d33303e10vk.htm"
    },
    {
        "date": "2004-12-31",
        "symbol": "AAL",
        "reportedCurrency": "USD",
        "cik": "0000006201",
        "fillingDate": "2005-02-25",
        "acceptedDate": "2005-02-24 18:29:35",
        "calendarYear": "2004",
        "period": "FY",
        "revenue": 18645000000,
        "costOfRevenue": 11456000000,
        "grossProfit": 7189000000,
        "grossProfitRatio": 0.38557253955484044,
        "researchAndDevelopmentExpenses": 0,
        "generalAndAdministrativeExpenses": 9622000000,
        "sellingAndMarketingExpenses": -1107000000,
        "sellingGeneralAndAdministrativeExpenses": 8515000000,
        "otherExpenses": 12059000000,
        "operatingExpenses": 20574000000,
        "costAndExpenses": 32030000000,
        "interestIncome": 0,
        "interestExpense": 0,
        "depreciationAndAmortization": 1292000000,
        "ebitda": 531000000,
        "ebitdaratio": 0.02847948511665326,
        "operatingIncome": -144000000,
        "operatingIncomeRatio": -0.0077232502011263075,
        "totalOtherIncomeExpensesNet": -617000000,
        "incomeBeforeTax": -761000000,
        "incomeBeforeTaxRatio": -0.040815231965674444,
        "incomeTaxExpense": 0,
        "netIncome": -761000000,
        "netIncomeRatio": -0.040815231965674444,
        "eps": -12.690763,
        "epsdiluted": -12.690763,
        "weightedAverageShsOut": 59964873,
        "weightedAverageShsOutDil": 59964873,
        "link": "https://www.sec.gov/Archives/edgar/data/6201/000095013405003726/0000950134-05-003726-index.htm",
        "finalLink": "https://www.sec.gov/Archives/edgar/data/6201/000095013405003726/d22731e10vk.htm"
    },
    {
        "date": "2003-12-31",
        "symbol": "AAL",
        "reportedCurrency": "USD",
        "cik": "0000006201",
        "fillingDate": "2004-02-27",
        "acceptedDate": "2004-02-27 16:42:37",
        "calendarYear": "2003",
        "period": "FY",
        "revenue": 17440000000,
        "costOfRevenue": 10391000000,
        "grossProfit": 7049000000,
        "grossProfitRatio": 0.40418577981651377,
        "researchAndDevelopmentExpenses": 0,
        "generalAndAdministrativeExpenses": 10187000000,
        "sellingAndMarketingExpenses": -1063000000,
        "sellingGeneralAndAdministrativeExpenses": 9124000000,
        "otherExpenses": 10971000000,
        "operatingExpenses": 20095000000,
        "costAndExpenses": 30486000000,
        "interestIncome": 0,
        "interestExpense": 0,
        "depreciationAndAmortization": 1377000000,
        "ebitda": 69000000,
        "ebitdaratio": 0.003956422018348624,
        "operatingIncome": -844000000,
        "operatingIncomeRatio": -0.04839449541284404,
        "totalOtherIncomeExpensesNet": -464000000,
        "incomeBeforeTax": -1308000000,
        "incomeBeforeTaxRatio": -0.075,
        "incomeTaxExpense": -80000000,
        "netIncome": -1228000000,
        "netIncomeRatio": -0.07041284403669724,
        "eps": -20.776439,
        "epsdiluted": -20.776439,
        "weightedAverageShsOut": 59105412,
        "weightedAverageShsOutDil": 59105412,
        "link": "https://www.sec.gov/Archives/edgar/data/6201/000095013404002668/0000950134-04-002668-index.htm",
        "finalLink": "https://www.sec.gov/Archives/edgar/data/6201/000095013404002668/d12953e10vk.htm"
    },
    {
        "date": "2002-12-31",
        "symbol": "AAL",
        "reportedCurrency": "USD",
        "cik": "0000006201",
        "fillingDate": "2002-12-31",
        "acceptedDate": "2002-12-30 19:00:00",
        "calendarYear": "2002",
        "period": "FY",
        "revenue": 17299000000,
        "costOfRevenue": 11076000000,
        "grossProfit": 6223000000,
        "grossProfitRatio": 0.3597317764032603,
        "researchAndDevelopmentExpenses": 0,
        "generalAndAdministrativeExpenses": 11555000000,
        "sellingAndMarketingExpenses": -1125000000,
        "sellingGeneralAndAdministrativeExpenses": 10430000000,
        "otherExpenses": 11527000000,
        "operatingExpenses": 21957000000,
        "costAndExpenses": 33033000000,
        "interestIncome": 0,
        "interestExpense": 0,
        "depreciationAndAmortization": 1366000000,
        "ebitda": -3482000000,
        "ebitdaratio": -0.20128331117405632,
        "operatingIncome": -3330000000,
        "operatingIncomeRatio": -0.19249667610844556,
        "totalOtherIncomeExpensesNet": -530000000,
        "incomeBeforeTax": -3860000000,
        "incomeBeforeTaxRatio": -0.22313428521879877,
        "incomeTaxExpense": -1337000000,
        "netIncome": -3511000000,
        "netIncomeRatio": -0.2029597086536794,
        "eps": -60.42838,
        "epsdiluted": -60.42838,
        "weightedAverageShsOut": 58101839,
        "weightedAverageShsOutDil": 58101839,
        "link": "",
        "finalLink": ""
    },
    {
        "date": "2001-12-31",
        "symbol": "AAL",
        "reportedCurrency": "USD",
        "cik": "0000006201",
        "fillingDate": "2002-02-28",
        "acceptedDate": "2002-02-28 00:00:00",
        "calendarYear": "2001",
        "period": "FY",
        "revenue": 18963000000,
        "costOfRevenue": 12578000000,
        "grossProfit": 6385000000,
        "grossProfitRatio": 0.3367083267415493,
        "researchAndDevelopmentExpenses": 0,
        "generalAndAdministrativeExpenses": 11728000000,
        "sellingAndMarketingExpenses": -835000000,
        "sellingGeneralAndAdministrativeExpenses": 10893000000,
        "otherExpenses": 11956000000,
        "operatingExpenses": 22849000000,
        "costAndExpenses": 35427000000,
        "interestIncome": 0,
        "interestExpense": 0,
        "depreciationAndAmortization": 1404000000,
        "ebitda": -1352000000,
        "ebitdaratio": -0.07129673574856299,
        "operatingIncome": -2470000000,
        "operatingIncomeRatio": -0.13025365184833623,
        "totalOtherIncomeExpensesNet": -286000000,
        "incomeBeforeTax": -2756000000,
        "incomeBeforeTaxRatio": -0.1453356536413015,
        "incomeTaxExpense": -994000000,
        "netIncome": -1762000000,
        "netIncomeRatio": -0.09291778726994673,
        "eps": -30.60241,
        "epsdiluted": -30.60241,
        "weightedAverageShsOut": 57577165,
        "weightedAverageShsOutDil": 57577165,
        "link": "https://www.sec.gov/Archives/edgar/data/6201/000095013402001661/0000950134-02-001661-index.htm",
        "finalLink": "https://www.sec.gov/Archives/edgar/data/6201/000095013402001661/d94486e10-k405.txt"
    },
    {
        "date": "2000-12-31",
        "symbol": "AAL",
        "reportedCurrency": "USD",
        "cik": "0000006201",
        "fillingDate": "2001-03-22",
        "acceptedDate": "2001-03-22 00:00:00",
        "calendarYear": "2000",
        "period": "FY",
        "revenue": 19703000000,
        "costOfRevenue": 10906000000,
        "grossProfit": 8797000000,
        "grossProfitRatio": 0.446480231436837,
        "researchAndDevelopmentExpenses": 0,
        "generalAndAdministrativeExpenses": 10463000000,
        "sellingAndMarketingExpenses": -1037000000,
        "sellingGeneralAndAdministrativeExpenses": 9426000000,
        "otherExpenses": 10502000000,
        "operatingExpenses": 19928000000,
        "costAndExpenses": 30834000000,
        "interestIncome": 0,
        "interestExpense": 0,
        "depreciationAndAmortization": 1202000000,
        "ebitda": 2523000000,
        "ebitdaratio": 0.1280515657514084,
        "operatingIncome": 1381000000,
        "operatingIncomeRatio": 0.0700908491092727,
        "totalOtherIncomeExpensesNet": -94000000,
        "incomeBeforeTax": 1287000000,
        "incomeBeforeTaxRatio": 0.06532000203014769,
        "incomeTaxExpense": 508000000,
        "netIncome": 813000000,
        "netIncomeRatio": 0.04126275186519819,
        "eps": 14.538153,
        "epsdiluted": 13.467202,
        "weightedAverageShsOut": 55921823,
        "weightedAverageShsOutDil": 60368887,
        "link": "https://www.sec.gov/Archives/edgar/data/6201/000095013401002483/0000950134-01-002483-index.htm",
        "finalLink": "https://www.sec.gov/Archives/edgar/data/6201/000095013401002483/d84957e10-k405.txt"
    },
    {
        "date": "1999-12-31",
        "symbol": "AAL",
        "reportedCurrency": "USD",
        "cik": "0000006201",
        "fillingDate": "1999-12-31",
        "acceptedDate": "1999-12-30 19:00:00",
        "calendarYear": "1999",
        "period": "FY",
        "revenue": 17730000000,
        "costOfRevenue": 9772000000,
        "grossProfit": 7958000000,
        "grossProfitRatio": 0.4488437676254935,
        "researchAndDevelopmentExpenses": 0,
        "generalAndAdministrativeExpenses": 10016000000,
        "sellingAndMarketingExpenses": -1162000000,
        "sellingGeneralAndAdministrativeExpenses": 8854000000,
        "otherExpenses": 9292000000,
        "operatingExpenses": 18146000000,
        "costAndExpenses": 27918000000,
        "interestIncome": 0,
        "interestExpense": 0,
        "depreciationAndAmortization": 1092000000,
        "ebitda": 2427000000,
        "ebitdaratio": 0.1368866328257191,
        "operatingIncome": 1156000000,
        "operatingIncomeRatio": 0.06520022560631698,
        "totalOtherIncomeExpensesNet": -150000000,
        "incomeBeforeTax": 1006000000,
        "incomeBeforeTaxRatio": 0.05673998871968415,
        "incomeTaxExpense": 350000000,
        "netIncome": 985000000,
        "netIncomeRatio": 0.05555555555555555,
        "eps": 17.29585,
        "epsdiluted": 16.760375,
        "weightedAverageShsOut": 56950077,
        "weightedAverageShsOutDil": 58769569,
        "link": "",
        "finalLink": ""
    },
    {
        "date": "1998-12-31",
        "symbol": "AAL",
        "reportedCurrency": "USD",
        "cik": "0000006201",
        "fillingDate": "1998-12-31",
        "acceptedDate": "1998-12-30 19:00:00",
        "calendarYear": "1998",
        "period": "FY",
        "revenue": 19205000000,
        "costOfRevenue": 9291000000,
        "grossProfit": 9914000000,
        "grossProfitRatio": 0.5162197344441551,
        "researchAndDevelopmentExpenses": 0,
        "generalAndAdministrativeExpenses": 10403000000,
        "sellingAndMarketingExpenses": -1226000000,
        "sellingGeneralAndAdministrativeExpenses": 9177000000,
        "otherExpenses": 9134000000,
        "operatingExpenses": 18311000000,
        "costAndExpenses": 27602000000,
        "interestIncome": 0,
        "interestExpense": 0,
        "depreciationAndAmortization": 1287000000,
        "ebitda": 3459000000,
        "ebitdaratio": 0.18010934652434263,
        "operatingIncome": 2338000000,
        "operatingIncomeRatio": 0.12173913043478261,
        "totalOtherIncomeExpensesNet": -174000000,
        "incomeBeforeTax": 2164000000,
        "incomeBeforeTaxRatio": 0.11267898984639417,
        "incomeTaxExpense": 858000000,
        "netIncome": 1314000000,
        "netIncomeRatio": 0.06841968237438167,
        "eps": 20.829987,
        "epsdiluted": 20.133869,
        "weightedAverageShsOut": 63082134,
        "weightedAverageShsOutDil": 65263165,
        "link": "",
        "finalLink": ""
    },
    {
        "date": "1997-12-31",
        "symbol": "AAL",
        "reportedCurrency": "USD",
        "cik": "0000006201",
        "fillingDate": "1997-12-31",
        "acceptedDate": "1997-12-30 19:00:00",
        "calendarYear": "1997",
        "period": "FY",
        "revenue": 18570000000,
        "costOfRevenue": 9264000000,
        "grossProfit": 9306000000,
        "grossProfitRatio": 0.5011308562197092,
        "researchAndDevelopmentExpenses": 0,
        "generalAndAdministrativeExpenses": 10354000000,
        "sellingAndMarketingExpenses": -1278000000,
        "sellingGeneralAndAdministrativeExpenses": 9076000000,
        "otherExpenses": 9038000000,
        "operatingExpenses": 18114000000,
        "costAndExpenses": 27378000000,
        "interestIncome": 0,
        "interestExpense": 0,
        "depreciationAndAmortization": 1244000000,
        "ebitda": 2890000000,
        "ebitdaratio": 0.15562735595045774,
        "operatingIncome": 1926000000,
        "operatingIncomeRatio": 0.1037156704361874,
        "totalOtherIncomeExpensesNet": -280000000,
        "incomeBeforeTax": 1646000000,
        "incomeBeforeTaxRatio": 0.08863758750673129,
        "incomeTaxExpense": 661000000,
        "netIncome": 985000000,
        "netIncomeRatio": 0.053042541733979535,
        "eps": 29.585007,
        "epsdiluted": 28.862115,
        "weightedAverageShsOut": 33293891,
        "weightedAverageShsOutDil": 34127783,
        "link": "",
        "finalLink": ""
    },
    {
        "date": "1996-12-31",
        "symbol": "AAL",
        "reportedCurrency": "USD",
        "cik": "0000006201",
        "fillingDate": "1996-12-31",
        "acceptedDate": "1996-12-30 19:00:00",
        "calendarYear": "1996",
        "period": "FY",
        "revenue": 17753000000,
        "costOfRevenue": 9008000000,
        "grossProfit": 8745000000,
        "grossProfitRatio": 0.4925928012166958,
        "researchAndDevelopmentExpenses": 0,
        "generalAndAdministrativeExpenses": 9976000000,
        "sellingAndMarketingExpenses": -1252000000,
        "sellingGeneralAndAdministrativeExpenses": 8724000000,
        "otherExpenses": 9198000000,
        "operatingExpenses": 17922000000,
        "costAndExpenses": 26930000000,
        "interestIncome": 0,
        "interestExpense": 0,
        "depreciationAndAmortization": 1204000000,
        "ebitda": 2748000000,
        "ebitdaratio": 0.15479073959330816,
        "operatingIncome": 1839000000,
        "operatingIncomeRatio": 0.10358812595054356,
        "totalOtherIncomeExpensesNet": -206000000,
        "incomeBeforeTax": 1633000000,
        "incomeBeforeTaxRatio": 0.09198445333183124,
        "incomeTaxExpense": 528000000,
        "netIncome": 1016000000,
        "netIncomeRatio": 0.057229763983552076,
        "eps": 31.137885,
        "epsdiluted": 29.959839,
        "weightedAverageShsOut": 32629063,
        "weightedAverageShsOutDil": 33912064,
        "link": "",
        "finalLink": ""
    },
    {
        "date": "1995-12-31",
        "symbol": "AAL",
        "reportedCurrency": "USD",
        "cik": "0000006201",
        "fillingDate": "1995-12-31",
        "acceptedDate": "1995-12-30 19:00:00",
        "calendarYear": "1995",
        "period": "FY",
        "revenue": 16910000000,
        "costOfRevenue": 8580000000,
        "grossProfit": 8330000000,
        "grossProfitRatio": 0.4926079243051449,
        "researchAndDevelopmentExpenses": 0,
        "generalAndAdministrativeExpenses": 9914000000,
        "sellingAndMarketingExpenses": -1293000000,
        "sellingGeneralAndAdministrativeExpenses": 8621000000,
        "otherExpenses": 8290000000,
        "operatingExpenses": 16911000000,
        "costAndExpenses": 25491000000,
        "interestIncome": 0,
        "interestExpense": 0,
        "depreciationAndAmortization": 1259000000,
        "ebitda": 1588000000,
        "ebitdaratio": 0.09390892962743938,
        "operatingIncome": 1015000000,
        "operatingIncomeRatio": 0.060023654642223534,
        "totalOtherIncomeExpensesNet": -657000000,
        "incomeBeforeTax": 358000000,
        "incomeBeforeTaxRatio": 0.02117090479006505,
        "incomeTaxExpense": 162000000,
        "netIncome": 167000000,
        "netIncomeRatio": 0.009875813128326433,
        "eps": 5.649264,
        "epsdiluted": 5.649264,
        "weightedAverageShsOut": 28676303,
        "weightedAverageShsOutDil": 67977000,
        "link": "",
        "finalLink": ""
    },
    {
        "date": "1994-12-31",
        "symbol": "AAL",
        "reportedCurrency": "USD",
        "cik": "0000006201",
        "fillingDate": "1994-12-31",
        "acceptedDate": "1994-12-30 19:00:00",
        "calendarYear": "1994",
        "period": "FY",
        "revenue": 16137000000,
        "costOfRevenue": 8239000000,
        "grossProfit": 7898000000,
        "grossProfitRatio": 0.4894342194955692,
        "researchAndDevelopmentExpenses": 0,
        "generalAndAdministrativeExpenses": 9792000000,
        "sellingAndMarketingExpenses": -1335000000,
        "sellingGeneralAndAdministrativeExpenses": 8457000000,
        "otherExpenses": 7944000000,
        "operatingExpenses": 16401000000,
        "costAndExpenses": 24640000000,
        "interestIncome": 0,
        "interestExpense": 0,
        "depreciationAndAmortization": 1253000000,
        "ebitda": 1623000000,
        "ebitdaratio": 0.10057631530024168,
        "operatingIncome": 1006000000,
        "operatingIncomeRatio": 0.06234120344549792,
        "totalOtherIncomeExpensesNet": -636000000,
        "incomeBeforeTax": 370000000,
        "incomeBeforeTaxRatio": 0.022928673235421703,
        "incomeTaxExpense": 142000000,
        "netIncome": 228000000,
        "netIncomeRatio": 0.01412902026398959,
        "eps": 12.074967,
        "epsdiluted": 12.074967,
        "weightedAverageShsOut": 28405876,
        "weightedAverageShsOutDil": 67230000,
        "link": "",
        "finalLink": ""
    },
    {
        "date": "1993-12-31",
        "symbol": "AAL",
        "reportedCurrency": "USD",
        "cik": "0000006201",
        "fillingDate": "1993-12-31",
        "acceptedDate": "1993-12-30 19:00:00",
        "calendarYear": "1993",
        "period": "FY",
        "revenue": 15816000000,
        "costOfRevenue": 8704000000,
        "grossProfit": 7112000000,
        "grossProfitRatio": 0.4496712190187152,
        "researchAndDevelopmentExpenses": 0,
        "generalAndAdministrativeExpenses": 0,
        "sellingAndMarketingExpenses": 0,
        "sellingGeneralAndAdministrativeExpenses": 5199000000,
        "otherExpenses": 1223000000,
        "operatingExpenses": 6422000000,
        "costAndExpenses": 15126000000,
        "interestIncome": 0,
        "interestExpense": 0,
        "depreciationAndAmortization": -1223000000,
        "ebitda": -1350000000,
        "ebitdaratio": -0.08535660091047041,
        "operatingIncome": 690000000,
        "operatingIncomeRatio": 0.04362670713201821,
        "totalOtherIncomeExpensesNet": -803000000,
        "incomeBeforeTax": -113000000,
        "incomeBeforeTaxRatio": -0.0071446636317653005,
        "incomeTaxExpense": -17000000,
        "netIncome": -110000000,
        "netIncomeRatio": -0.0069549822964087,
        "eps": -2.998661,
        "epsdiluted": -2.998661,
        "weightedAverageShsOut": 56691964,
        "weightedAverageShsOutDil": 56691964,
        "link": "",
        "finalLink": ""
    },
    {
        "date": "1992-12-31",
        "symbol": "AAL",
        "reportedCurrency": "USD",
        "cik": "0000006201",
        "fillingDate": "1992-12-31",
        "acceptedDate": "1992-12-30 19:00:00",
        "calendarYear": "1992",
        "period": "FY",
        "revenue": 14396000000,
        "costOfRevenue": 8276000000,
        "grossProfit": 6120000000,
        "grossProfitRatio": 0.4251180883578772,
        "researchAndDevelopmentExpenses": 0,
        "generalAndAdministrativeExpenses": 0,
        "sellingAndMarketingExpenses": 0,
        "sellingGeneralAndAdministrativeExpenses": 5104000000,
        "otherExpenses": 1041000000,
        "operatingExpenses": 6145000000,
        "costAndExpenses": 14421000000,
        "interestIncome": 0,
        "interestExpense": 0,
        "depreciationAndAmortization": -1041000000,
        "ebitda": -2198000000,
        "ebitdaratio": -0.15268130036121144,
        "operatingIncome": -25000000,
        "operatingIncomeRatio": -0.0017365934981939427,
        "totalOtherIncomeExpensesNet": -672000000,
        "incomeBeforeTax": -697000000,
        "incomeBeforeTaxRatio": -0.04841622672964713,
        "incomeTaxExpense": -222000000,
        "netIncome": -935000000,
        "netIncomeRatio": -0.06494859683245346,
        "eps": -16.787149,
        "epsdiluted": -16.787149,
        "weightedAverageShsOut": 55697368,
        "weightedAverageShsOutDil": 55697368,
        "link": "",
        "finalLink": ""
    },
    {
        "date": "1991-12-31",
        "symbol": "AAL",
        "reportedCurrency": "USD",
        "cik": "0000006201",
        "fillingDate": "1991-12-31",
        "acceptedDate": "1991-12-30 19:00:00",
        "calendarYear": "1991",
        "period": "FY",
        "revenue": 12887000000,
        "costOfRevenue": 7309000000,
        "grossProfit": 5578000000,
        "grossProfitRatio": 0.4328392954139831,
        "researchAndDevelopmentExpenses": 0,
        "generalAndAdministrativeExpenses": 0,
        "sellingAndMarketingExpenses": 0,
        "sellingGeneralAndAdministrativeExpenses": 4690000000,
        "otherExpenses": 883000000,
        "operatingExpenses": 5573000000,
        "costAndExpenses": 12882000000,
        "interestIncome": 0,
        "interestExpense": 0,
        "depreciationAndAmortization": -883000000,
        "ebitda": -1223000000,
        "ebitdaratio": -0.09490183906262124,
        "operatingIncome": 5000000,
        "operatingIncomeRatio": 0.00038798789477768295,
        "totalOtherIncomeExpensesNet": -345000000,
        "incomeBeforeTax": -340000000,
        "incomeBeforeTaxRatio": -0.02638317684488244,
        "incomeTaxExpense": -100000000,
        "netIncome": -240000000,
        "netIncomeRatio": -0.01862341894932878,
        "eps": -4.792503,
        "epsdiluted": -4.792503,
        "weightedAverageShsOut": 50078212,
        "weightedAverageShsOutDil": 50078212,
        "link": "",
        "finalLink": ""
    },
    {
        "date": "1990-12-31",
        "symbol": "AAL",
        "reportedCurrency": "USD",
        "cik": "0000006201",
        "fillingDate": "1990-12-31",
        "acceptedDate": "1990-12-30 19:00:00",
        "calendarYear": "1990",
        "period": "FY",
        "revenue": 11719600000,
        "costOfRevenue": 7806800000,
        "grossProfit": 3912800000,
        "grossProfitRatio": 0.3338680501040991,
        "researchAndDevelopmentExpenses": 0,
        "generalAndAdministrativeExpenses": 0,
        "sellingAndMarketingExpenses": 0,
        "sellingGeneralAndAdministrativeExpenses": 3065700000,
        "otherExpenses": 723100000,
        "operatingExpenses": 3788800000,
        "costAndExpenses": 11595600000,
        "interestIncome": 0,
        "interestExpense": 0,
        "depreciationAndAmortization": -723100000,
        "ebitda": -756400000,
        "ebitdaratio": -0.06454145192668692,
        "operatingIncome": 124000000,
        "operatingIncomeRatio": 0.010580565889620806,
        "totalOtherIncomeExpensesNet": -157300000,
        "incomeBeforeTax": -33300000,
        "incomeBeforeTaxRatio": -0.002841393904228813,
        "incomeTaxExpense": 6300000,
        "netIncome": -39600000,
        "netIncomeRatio": -0.003378954913136967,
        "eps": -0.829987,
        "epsdiluted": -0.829987,
        "weightedAverageShsOut": 47711613,
        "weightedAverageShsOutDil": 47711613,
        "link": "",
        "finalLink": ""
    },
    {
        "date": "1989-12-31",
        "symbol": "AAL",
        "reportedCurrency": "USD",
        "cik": "0000006201",
        "fillingDate": "1989-12-31",
        "acceptedDate": "1989-12-30 19:00:00",
        "calendarYear": "1989",
        "period": "FY",
        "revenue": 10479600000,
        "costOfRevenue": 4838500000,
        "grossProfit": 5641100000,
        "grossProfitRatio": 0.5382934463147449,
        "researchAndDevelopmentExpenses": 0,
        "generalAndAdministrativeExpenses": 0,
        "sellingAndMarketingExpenses": 0,
        "sellingGeneralAndAdministrativeExpenses": 4284400000,
        "otherExpenses": 612700000,
        "operatingExpenses": 4897100000,
        "costAndExpenses": 9735600000,
        "interestIncome": 0,
        "interestExpense": 0,
        "depreciationAndAmortization": -612700000,
        "ebitda": 105700000,
        "ebitdaratio": 0.01008626283445933,
        "operatingIncome": 744000000,
        "operatingIncomeRatio": 0.07099507614794458,
        "totalOtherIncomeExpensesNet": -25600000,
        "incomeBeforeTax": 718400000,
        "incomeBeforeTaxRatio": 0.06855223481812282,
        "incomeTaxExpense": 263600000,
        "netIncome": 454800000,
        "netIncomeRatio": 0.043398603000114507,
        "eps": 9.585007,
        "epsdiluted": 9.585007,
        "weightedAverageShsOut": 46186718,
        "weightedAverageShsOutDil": 46186718,
        "link": "",
        "finalLink": ""
    },
    {
        "date": "1988-12-31",
        "symbol": "AAL",
        "reportedCurrency": "USD",
        "cik": "0000006201",
        "fillingDate": "1988-12-31",
        "acceptedDate": "1988-12-30 19:00:00",
        "calendarYear": "1988",
        "period": "FY",
        "revenue": 8824300000,
        "costOfRevenue": 7465000000,
        "grossProfit": 1359300000,
        "grossProfitRatio": 0.15404054712555104,
        "researchAndDevelopmentExpenses": 0,
        "generalAndAdministrativeExpenses": 0,
        "sellingAndMarketingExpenses": 0,
        "sellingGeneralAndAdministrativeExpenses": 0,
        "otherExpenses": 552800000,
        "operatingExpenses": 552800000,
        "costAndExpenses": 8017800000,
        "interestIncome": 0,
        "interestExpense": 0,
        "depreciationAndAmortization": 552800000,
        "ebitda": 1293500000,
        "ebitdaratio": 0.14658386500912254,
        "operatingIncome": 806500000,
        "operatingIncomeRatio": 0.09139535147263805,
        "totalOtherIncomeExpensesNet": -65800000,
        "incomeBeforeTax": 740700000,
        "incomeBeforeTaxRatio": 0.08393866935620956,
        "incomeTaxExpense": 263900000,
        "netIncome": 476800000,
        "netIncomeRatio": 0.05403261448500164,
        "eps": 10.60241,
        "epsdiluted": 10.307898,
        "weightedAverageShsOut": 43999432,
        "weightedAverageShsOutDil": 45256558,
        "link": "",
        "finalLink": ""
    },
    {
        "date": "1987-12-31",
        "symbol": "AAL",
        "reportedCurrency": "USD",
        "cik": "0000006201",
        "fillingDate": "1987-12-31",
        "acceptedDate": "1987-12-30 19:00:00",
        "calendarYear": "1987",
        "period": "FY",
        "revenue": 7198000000,
        "costOfRevenue": 6251000000,
        "grossProfit": 947000000,
        "grossProfitRatio": 0.1315643234231731,
        "researchAndDevelopmentExpenses": 0,
        "generalAndAdministrativeExpenses": 0,
        "sellingAndMarketingExpenses": 0,
        "sellingGeneralAndAdministrativeExpenses": 0,
        "otherExpenses": 485900000,
        "operatingExpenses": 485900000,
        "costAndExpenses": 6736900000,
        "interestIncome": 0,
        "interestExpense": 0,
        "depreciationAndAmortization": 485900000,
        "ebitda": 808400000,
        "ebitdaratio": 0.11230897471519867,
        "operatingIncome": 461100000,
        "operatingIncomeRatio": 0.06405946096137816,
        "totalOtherIncomeExpensesNet": -138600000,
        "incomeBeforeTax": 322500000,
        "incomeBeforeTaxRatio": 0.04480411225340372,
        "incomeTaxExpense": 124100000,
        "netIncome": 198400000,
        "netIncomeRatio": 0.02756321200333426,
        "eps": 4.364123,
        "epsdiluted": 4.364123,
        "weightedAverageShsOut": 44499202,
        "weightedAverageShsOutDil": 44499202,
        "link": "",
        "finalLink": ""
    },
    {
        "date": "1986-12-31",
        "symbol": "AAL",
        "reportedCurrency": "USD",
        "cik": "0000006201",
        "fillingDate": "1986-12-31",
        "acceptedDate": "1986-12-30 19:00:00",
        "calendarYear": "1986",
        "period": "FY",
        "revenue": 6018200000,
        "costOfRevenue": 5218600000,
        "grossProfit": 799600000,
        "grossProfitRatio": 0.13286364693762254,
        "researchAndDevelopmentExpenses": 0,
        "generalAndAdministrativeExpenses": 0,
        "sellingAndMarketingExpenses": 0,
        "sellingGeneralAndAdministrativeExpenses": 0,
        "otherExpenses": 388700000,
        "operatingExpenses": 388700000,
        "costAndExpenses": 5607300000,
        "interestIncome": 0,
        "interestExpense": 0,
        "depreciationAndAmortization": 388700000,
        "ebitda": 807300000,
        "ebitdaratio": 0.13414309926556114,
        "operatingIncome": 410900000,
        "operatingIncomeRatio": 0.06827622877272274,
        "totalOtherIncomeExpensesNet": 7700000,
        "incomeBeforeTax": 418600000,
        "incomeBeforeTaxRatio": 0.06955568110066132,
        "incomeTaxExpense": 139500000,
        "netIncome": 279100000,
        "netIncomeRatio": 0.04637599282177395,
        "eps": 6.238286,
        "epsdiluted": 6.238286,
        "weightedAverageShsOut": 44226888,
        "weightedAverageShsOutDil": 44226888,
        "link": "",
        "finalLink": ""
    },
    {
        "date": "1985-12-31",
        "symbol": "AAL",
        "reportedCurrency": "USD",
        "cik": "0000006201",
        "fillingDate": "1985-12-31",
        "acceptedDate": "1985-12-30 19:00:00",
        "calendarYear": "1985",
        "period": "FY",
        "revenue": 6131000000,
        "costOfRevenue": 5154600000,
        "grossProfit": 976400000,
        "grossProfitRatio": 0.15925623878649486,
        "researchAndDevelopmentExpenses": 0,
        "generalAndAdministrativeExpenses": 0,
        "sellingAndMarketingExpenses": 0,
        "sellingGeneralAndAdministrativeExpenses": 102900000,
        "otherExpenses": 336900000,
        "operatingExpenses": 439800000,
        "costAndExpenses": 5594400000,
        "interestIncome": 0,
        "interestExpense": 0,
        "depreciationAndAmortization": 336900000,
        "ebitda": 855900000,
        "ebitdaratio": 0.13960202250856305,
        "operatingIncome": 536600000,
        "operatingIncomeRatio": 0.08752242701027566,
        "totalOtherIncomeExpensesNet": -17600000,
        "incomeBeforeTax": 519000000,
        "incomeBeforeTaxRatio": 0.08465176969499266,
        "incomeTaxExpense": 173200000,
        "netIncome": 345800000,
        "netIncomeRatio": 0.056401892024139616,
        "eps": 7.978581,
        "epsdiluted": 7.844712,
        "weightedAverageShsOut": 42200487,
        "weightedAverageShsOutDil": 42920631,
        "link": "",
        "finalLink": ""
    }
]