[
    {
        "date": "2021-12-25",
        "symbol": "AMD",
        "reportedCurrency": "USD",
        "cik": "0000002488",
        "fillingDate": "2022-02-03",
        "acceptedDate": "2022-02-03 17:22:50",
        "calendarYear": "2021",
        "period": "FY",
        "revenue": 16434000000,
        "costOfRevenue": 8505000000,
        "grossProfit": 7929000000,
        "grossProfitRatio": 0.4824753559693319,
        "researchAndDevelopmentExpenses": 2845000000,
        "generalAndAdministrativeExpenses": 0,
        "sellingAndMarketingExpenses": 0,
        "sellingGeneralAndAdministrativeExpenses": 1448000000,
        "otherExpenses": -12000000,
        "operatingExpenses": 4281000000,
        "costAndExpenses": 12786000000,
        "interestIncome": 8000000,
        "interestExpense": 34000000,
        "depreciationAndAmortization": 463000000,
        "ebitda": 4172000000,
        "ebitdaratio": 0.25386394061092854,
        "operatingIncome": 3648000000,
        "operatingIncomeRatio": 0.22197882438846295,
        "totalOtherIncomeExpensesNet": 21000000,
        "incomeBeforeTax": 3669000000,
        "incomeBeforeTaxRatio": 0.22325666301569916,
        "incomeTaxExpense": 513000000,
        "netIncome": 3162000000,
        "netIncomeRatio": 0.1924059875867105,
        "eps": 2.61,
        "epsdiluted": 2.57,
        "weightedAverageShsOut": 1213000000,
        "weightedAverageShsOutDil": 1229000000,
        "link": "https://www.sec.gov/Archives/edgar/data/2488/000000248822000016/0000002488-22-000016-index.htm",
        "finalLink": "https://www.sec.gov/Archives/edgar/data/2488/000000248822000016/amd-20211225.htm"
    },
    {
        "date": "2020-12-26",
        "symbol": "AMD",
        "reportedCurrency": "USD",
        "cik": "0000002488",
        "fillingDate": "2021-01-29",
        "acceptedDate": "2021-01-29 17:24:00",
        "calendarYear": "2020",
        "period": "FY",
        "revenue": 9763000000,
        "costOfRevenue": 5416000000,
        "grossProfit": 4347000000,
        "grossProfitRatio": 0.44525248386766364,
        "researchAndDevelopmentExpenses": 1983000000,
        "generalAndAdministrativeExpenses": 0,
        "sellingAndMarketingExpenses": 0,
        "sellingGeneralAndAdministrativeExpenses": 995000000,
        "otherExpenses": 0,
        "operatingExpenses": 2978000000,
        "costAndExpenses": 8394000000,
        "interestIncome": 8000000,
        "interestExpense": 47000000,
        "depreciationAndAmortization": 354000000,
        "ebitda": 1681000000,
        "ebitdaratio": 0.1721806821673666,
        "operatingIncome": 1369000000,
        "operatingIncomeRatio": 0.14022329202089523,
        "totalOtherIncomeExpensesNet": -94000000,
        "incomeBeforeTax": 1275000000,
        "incomeBeforeTaxRatio": 0.1305951039639455,
        "incomeTaxExpense": -1210000000,
        "netIncome": 2490000000,
        "netIncomeRatio": 0.25504455597664655,
        "eps": 2.1,
        "epsdiluted": 2.06,
        "weightedAverageShsOut": 1184000000,
        "weightedAverageShsOutDil": 1207000000,
        "link": "https://www.sec.gov/Archives/edgar/data/2488/000162828021001185/0001628280-21-001185-index.htm",
        "finalLink": "https://www.sec.gov/Archives/edgar/data/2488/000162828021001185/amd-20201226.htm"
    },
    {
        "date": "2019-12-28",
        "symbol": "AMD",
        "reportedCurrency": "USD",
        "cik": "0000002488",
        "fillingDate": "2020-02-04",
        "acceptedDate": "2020-02-04 17:21:47",
        "calendarYear": "2019",
        "period": "FY",
        "revenue": 6731000000,
        "costOfRevenue": 3863000000,
        "grossProfit": 2868000000,
        "grossProfitRatio": 0.4260882484029119,
        "researchAndDevelopmentExpenses": 1547000000,
        "generalAndAdministrativeExpenses": 0,
        "sellingAndMarketingExpenses": 0,
        "sellingGeneralAndAdministrativeExpenses": 750000000,
        "otherExpenses": -60000000,
        "operatingExpenses": 2237000000,
        "costAndExpenses": 6100000000,
        "interestIncome": 15000000,
        "interestExpense": 94000000,
        "depreciationAndAmortization": 258000000,
        "ebitda": 724000000,
        "ebitdaratio": 0.10756202644480761,
        "operatingIncome": 631000000,
        "operatingIncomeRatio": 0.09374535730203536,
        "totalOtherIncomeExpensesNet": -259000000,
        "incomeBeforeTax": 372000000,
        "incomeBeforeTaxRatio": 0.05526667657108899,
        "incomeTaxExpense": 31000000,
        "netIncome": 341000000,
        "netIncomeRatio": 0.05066112019016491,
        "eps": 0.31,
        "epsdiluted": 0.3,
        "weightedAverageShsOut": 1091000000,
        "weightedAverageShsOutDil": 1120000000,
        "link": "https://www.sec.gov/Archives/edgar/data/2488/000000248820000008/0000002488-20-000008-index.html",
        "finalLink": "https://www.sec.gov/Archives/edgar/data/2488/000000248820000008/amdform10-kfy2019.htm"
    },
    {
        "date": "2018-12-29",
        "symbol": "AMD",
        "reportedCurrency": "USD",
        "cik": "0000002488",
        "fillingDate": "2019-02-08",
        "acceptedDate": "2019-02-08 16:44:26",
        "calendarYear": "2018",
        "period": "FY",
        "revenue": 6475000000,
        "costOfRevenue": 4028000000,
        "grossProfit": 2447000000,
        "grossProfitRatio": 0.3779150579150579,
        "researchAndDevelopmentExpenses": 1434000000,
        "generalAndAdministrativeExpenses": 0,
        "sellingAndMarketingExpenses": 0,
        "sellingGeneralAndAdministrativeExpenses": 562000000,
        "otherExpenses": 0,
        "operatingExpenses": 1996000000,
        "costAndExpenses": 6024000000,
        "interestIncome": 18000000,
        "interestExpense": 121000000,
        "depreciationAndAmortization": 170000000,
        "ebitda": 619000000,
        "ebitdaratio": 0.0955984555984556,
        "operatingIncome": 451000000,
        "operatingIncomeRatio": 0.06965250965250966,
        "totalOtherIncomeExpensesNet": -121000000,
        "incomeBeforeTax": 330000000,
        "incomeBeforeTaxRatio": 0.050965250965250966,
        "incomeTaxExpense": -9000000,
        "netIncome": 337000000,
        "netIncomeRatio": 0.05204633204633204,
        "eps": 0.34,
        "epsdiluted": 0.32,
        "weightedAverageShsOut": 982000000,
        "weightedAverageShsOutDil": 1064000000,
        "link": "https://www.sec.gov/Archives/edgar/data/2488/000000248819000011/0000002488-19-000011-index.html",
        "finalLink": "https://www.sec.gov/Archives/edgar/data/2488/000000248819000011/amd-12292018x10k.htm"
    },
    {
        "date": "2017-12-30",
        "symbol": "AMD",
        "reportedCurrency": "USD",
        "cik": "0000002488",
        "fillingDate": "2018-02-27",
        "acceptedDate": "2018-02-27 16:18:58",
        "calendarYear": "2017",
        "period": "FY",
        "revenue": 5329000000,
        "costOfRevenue": 3506000000,
        "grossProfit": 1823000000,
        "grossProfitRatio": 0.3420904484893976,
        "researchAndDevelopmentExpenses": 1160000000,
        "generalAndAdministrativeExpenses": 0,
        "sellingAndMarketingExpenses": 0,
        "sellingGeneralAndAdministrativeExpenses": 511000000,
        "otherExpenses": -52000000,
        "operatingExpenses": 1619000000,
        "costAndExpenses": 5125000000,
        "interestIncome": 6000000,
        "interestExpense": 126000000,
        "depreciationAndAmortization": 144000000,
        "ebitda": 332000000,
        "ebitdaratio": 0.06230061925314318,
        "operatingIncome": 204000000,
        "operatingIncomeRatio": 0.03828110339650966,
        "totalOtherIncomeExpensesNet": -135000000,
        "incomeBeforeTax": 69000000,
        "incomeBeforeTaxRatio": 0.012948020266466504,
        "incomeTaxExpense": 19000000,
        "netIncome": 43000000,
        "netIncomeRatio": 0.008069056108087821,
        "eps": 0.04,
        "epsdiluted": 0.04,
        "weightedAverageShsOut": 952000000,
        "weightedAverageShsOutDil": 1039000000,
        "link": "https://www.sec.gov/Archives/edgar/data/2488/000000248818000042/0000002488-18-000042-index.html",
        "finalLink": "https://www.sec.gov/Archives/edgar/data/2488/000000248818000042/amd-12302017x10k.htm"
    },
    {
        "date": "2016-12-31",
        "symbol": "AMD",
        "reportedCurrency": "USD",
        "cik": "0000002488",
        "fillingDate": "2017-02-21",
        "acceptedDate": "2017-02-21 16:52:14",
        "calendarYear": "2016",
        "period": "FY",
        "revenue": 4272000000,
        "costOfRevenue": 3274000000,
        "grossProfit": 998000000,
        "grossProfitRatio": 0.23361423220973782,
        "researchAndDevelopmentExpenses": 1008000000,
        "generalAndAdministrativeExpenses": 0,
        "sellingAndMarketingExpenses": 0,
        "sellingGeneralAndAdministrativeExpenses": 460000000,
        "otherExpenses": -88000000,
        "operatingExpenses": 1380000000,
        "costAndExpenses": 4654000000,
        "interestIncome": 2000000,
        "interestExpense": 156000000,
        "depreciationAndAmortization": 133000000,
        "ebitda": -169000000,
        "ebitdaratio": -0.03955992509363296,
        "operatingIncome": -372000000,
        "operatingIncomeRatio": -0.08707865168539326,
        "totalOtherIncomeExpensesNet": -76000000,
        "incomeBeforeTax": -448000000,
        "incomeBeforeTaxRatio": -0.10486891385767791,
        "incomeTaxExpense": 39000000,
        "netIncome": -497000000,
        "netIncomeRatio": -0.11633895131086143,
        "eps": -0.6,
        "epsdiluted": -0.6,
        "weightedAverageShsOut": 835000000,
        "weightedAverageShsOutDil": 835000000,
        "link": "https://www.sec.gov/Archives/edgar/data/2488/000000248817000043/0000002488-17-000043-index.html",
        "finalLink": "https://www.sec.gov/Archives/edgar/data/2488/000000248817000043/amd-12312016x10k.htm"
    },
    {
        "date": "2015-12-26",
        "symbol": "AMD",
        "reportedCurrency": "USD",
        "cik": "0000002488",
        "fillingDate": "2016-02-18",
        "acceptedDate": "2016-02-18 16:19:58",
        "calendarYear": "2015",
        "period": "FY",
        "revenue": 3991000000,
        "costOfRevenue": 2911000000,
        "grossProfit": 1080000000,
        "grossProfitRatio": 0.2706088699574042,
        "researchAndDevelopmentExpenses": 947000000,
        "generalAndAdministrativeExpenses": 0,
        "sellingAndMarketingExpenses": 0,
        "sellingGeneralAndAdministrativeExpenses": 482000000,
        "otherExpenses": 3000000,
        "operatingExpenses": 1432000000,
        "costAndExpenses": 4343000000,
        "interestIncome": 0,
        "interestExpense": 160000000,
        "depreciationAndAmortization": 167000000,
        "ebitda": -319000000,
        "ebitdaratio": -0.07992984214482586,
        "operatingIncome": -481000000,
        "operatingIncomeRatio": -0.12052117263843648,
        "totalOtherIncomeExpensesNet": -165000000,
        "incomeBeforeTax": -646000000,
        "incomeBeforeTaxRatio": -0.16186419443748434,
        "incomeTaxExpense": 14000000,
        "netIncome": -660000000,
        "netIncomeRatio": -0.16537208719619143,
        "eps": -0.84,
        "epsdiluted": -0.84,
        "weightedAverageShsOut": 783000000,
        "weightedAverageShsOutDil": 783000000,
        "link": "https://www.sec.gov/Archives/edgar/data/2488/000000248816000111/0000002488-16-000111-index.html",
        "finalLink": "https://www.sec.gov/Archives/edgar/data/2488/000000248816000111/amd-12262015x10k.htm"
    },
    {
        "date": "2014-12-27",
        "symbol": "AMD",
        "reportedCurrency": "USD",
        "cik": "0000002488",
        "fillingDate": "2015-02-19",
        "acceptedDate": "2015-02-19 17:08:48",
        "calendarYear": "2014",
        "period": "FY",
        "revenue": 5506000000,
        "costOfRevenue": 3667000000,
        "grossProfit": 1839000000,
        "grossProfitRatio": 0.3339992735197966,
        "researchAndDevelopmentExpenses": 1072000000,
        "generalAndAdministrativeExpenses": 0,
        "sellingAndMarketingExpenses": 0,
        "sellingGeneralAndAdministrativeExpenses": 604000000,
        "otherExpenses": 14000000,
        "operatingExpenses": 1690000000,
        "costAndExpenses": 5357000000,
        "interestIncome": 3000000,
        "interestExpense": 177000000,
        "depreciationAndAmortization": 203000000,
        "ebitda": -18000000,
        "ebitdaratio": -0.0032691609153650564,
        "operatingIncome": -155000000,
        "operatingIncomeRatio": -0.028151107882310206,
        "totalOtherIncomeExpensesNet": -243000000,
        "incomeBeforeTax": -398000000,
        "incomeBeforeTaxRatio": -0.07228478023973847,
        "incomeTaxExpense": 5000000,
        "netIncome": -403000000,
        "netIncomeRatio": -0.07319288049400653,
        "eps": -0.53,
        "epsdiluted": -0.53,
        "weightedAverageShsOut": 768000000,
        "weightedAverageShsOutDil": 768000000,
        "link": "https://www.sec.gov/Archives/edgar/data/2488/000119312515054362/d871455d10k.htm",
        "finalLink": "https://www.sec.gov/Archives/edgar/data/2488/000119312515054362/d871455d10k.htm"
    },
    {
        "date": "2013-12-31",
        "symbol": "AMD",
        "reportedCurrency": "USD",
        "cik": "0000002488",
        "fillingDate": "2013-12-31",
        "acceptedDate": "2013-12-30 19:00:00",
        "calendarYear": "2013",
        "period": "FY",
        "revenue": 5299000000,
        "costOfRevenue": 3321000000,
        "grossProfit": 1978000000,
        "grossProfitRatio": 0.37327797697678805,
        "researchAndDevelopmentExpenses": 1201000000,
        "generalAndAdministrativeExpenses": 0,
        "sellingAndMarketingExpenses": 0,
        "sellingGeneralAndAdministrativeExpenses": 674000000,
        "otherExpenses": 18000000,
        "operatingExpenses": 1893000000,
        "costAndExpenses": 5214000000,
        "interestIncome": 5000000,
        "interestExpense": 177000000,
        "depreciationAndAmortization": 236000000,
        "ebitda": 339000000,
        "ebitdaratio": 0.06397433478014719,
        "operatingIncome": 103000000,
        "operatingIncomeRatio": 0.01943762974146065,
        "totalOtherIncomeExpensesNet": -177000000,
        "incomeBeforeTax": -74000000,
        "incomeBeforeTaxRatio": -0.013964899037554256,
        "incomeTaxExpense": 9000000,
        "netIncome": -83000000,
        "netIncomeRatio": -0.015663332704283828,
        "eps": -0.11,
        "epsdiluted": -0.11,
        "weightedAverageShsOut": 754000000,
        "weightedAverageShsOutDil": 754000000,
        "link": "",
        "finalLink": ""
    },
    {
        "date": "2012-12-29",
        "symbol": "AMD",
        "reportedCurrency": "USD",
        "cik": "0000002488",
        "fillingDate": "2013-02-21",
        "acceptedDate": "2013-02-21 16:44:05",
        "calendarYear": "2012",
        "period": "FY",
        "revenue": 5422000000,
        "costOfRevenue": 4187000000,
        "grossProfit": 1235000000,
        "grossProfitRatio": 0.22777572851346367,
        "researchAndDevelopmentExpenses": 1354000000,
        "generalAndAdministrativeExpenses": 0,
        "sellingAndMarketingExpenses": 0,
        "sellingGeneralAndAdministrativeExpenses": 823000000,
        "otherExpenses": 14000000,
        "operatingExpenses": 2191000000,
        "costAndExpenses": 6378000000,
        "interestIncome": 8000000,
        "interestExpense": 175000000,
        "depreciationAndAmortization": 260000000,
        "ebitda": -782000000,
        "ebitdaratio": -0.14422722242714867,
        "operatingIncome": -1056000000,
        "operatingIncomeRatio": -0.19476208041313167,
        "totalOtherIncomeExpensesNet": -161000000,
        "incomeBeforeTax": -1217000000,
        "incomeBeforeTaxRatio": -0.22445592032460346,
        "incomeTaxExpense": -34000000,
        "netIncome": -1183000000,
        "netIncomeRatio": -0.2181851715234231,
        "eps": -1.6,
        "epsdiluted": -1.6,
        "weightedAverageShsOut": 741000000,
        "weightedAverageShsOutDil": 741000000,
        "link": "https://www.sec.gov/Archives/edgar/data/2488/000119312513069422/0001193125-13-069422-index.html",
        "finalLink": "https://www.sec.gov/Archives/edgar/data/2488/000119312513069422/d486815d10k.htm"
    },
    {
        "date": "2011-12-31",
        "symbol": "AMD",
        "reportedCurrency": "USD",
        "cik": "0000002488",
        "fillingDate": "2012-02-24",
        "acceptedDate": "2012-02-23 19:04:58",
        "calendarYear": "2011",
        "period": "FY",
        "revenue": 6568000000,
        "costOfRevenue": 3628000000,
        "grossProfit": 2940000000,
        "grossProfitRatio": 0.4476248477466504,
        "researchAndDevelopmentExpenses": 1453000000,
        "generalAndAdministrativeExpenses": 0,
        "sellingAndMarketingExpenses": 0,
        "sellingGeneralAndAdministrativeExpenses": 992000000,
        "otherExpenses": 29000000,
        "operatingExpenses": 2474000000,
        "costAndExpenses": 6102000000,
        "interestIncome": 10000000,
        "interestExpense": 180000000,
        "depreciationAndAmortization": 317000000,
        "ebitda": 984000000,
        "ebitdaratio": 0.14981729598051158,
        "operatingIncome": 368000000,
        "operatingIncomeRatio": 0.05602923264311815,
        "totalOtherIncomeExpensesNet": -369000000,
        "incomeBeforeTax": -1000000,
        "incomeBeforeTaxRatio": -0.0001522533495736906,
        "incomeTaxExpense": -4000000,
        "netIncome": 491000000,
        "netIncomeRatio": 0.0747563946406821,
        "eps": 0.68,
        "epsdiluted": 0.66,
        "weightedAverageShsOut": 727000000,
        "weightedAverageShsOutDil": 742000000,
        "link": "https://www.sec.gov/Archives/edgar/data/2488/000119312512075837/0001193125-12-075837-index.html",
        "finalLink": "https://www.sec.gov/Archives/edgar/data/2488/000119312512075837/d257108d10k.htm"
    },
    {
        "date": "2010-12-25",
        "symbol": "AMD",
        "reportedCurrency": "USD",
        "cik": "0000002488",
        "fillingDate": "2011-02-18",
        "acceptedDate": "2011-02-18 16:38:16",
        "calendarYear": "2010",
        "period": "FY",
        "revenue": 6494000000,
        "costOfRevenue": 3533000000,
        "grossProfit": 2961000000,
        "grossProfitRatio": 0.4559593470896212,
        "researchAndDevelopmentExpenses": 1405000000,
        "generalAndAdministrativeExpenses": 0,
        "sellingAndMarketingExpenses": 0,
        "sellingGeneralAndAdministrativeExpenses": 934000000,
        "otherExpenses": -226000000,
        "operatingExpenses": 2113000000,
        "costAndExpenses": 5646000000,
        "interestIncome": 11000000,
        "interestExpense": 199000000,
        "depreciationAndAmortization": 383000000,
        "ebitda": 1091000000,
        "ebitdaratio": 0.16800123190637511,
        "operatingIncome": 848000000,
        "operatingIncomeRatio": 0.13058207576224207,
        "totalOtherIncomeExpensesNet": 123000000,
        "incomeBeforeTax": 971000000,
        "incomeBeforeTaxRatio": 0.14952263627964274,
        "incomeTaxExpense": 38000000,
        "netIncome": 471000000,
        "netIncomeRatio": 0.07252848783492455,
        "eps": 0.66,
        "epsdiluted": 0.64,
        "weightedAverageShsOut": 711000000,
        "weightedAverageShsOutDil": 733000000,
        "link": "https://www.sec.gov/Archives/edgar/data/2488/000119312511040392/d10k.htm",
        "finalLink": "https://www.sec.gov/Archives/edgar/data/2488/000119312511040392/d10k.htm"
    },
    {
        "date": "2009-12-26",
        "symbol": "AMD",
        "reportedCurrency": "USD",
        "cik": "0000002488",
        "fillingDate": "2010-02-19",
        "acceptedDate": "2010-02-19 16:16:09",
        "calendarYear": "2009",
        "period": "FY",
        "revenue": 5403000000,
        "costOfRevenue": 3131000000,
        "grossProfit": 2272000000,
        "grossProfitRatio": 0.4205071256709236,
        "researchAndDevelopmentExpenses": 1721000000,
        "generalAndAdministrativeExpenses": 0,
        "sellingAndMarketingExpenses": 0,
        "sellingGeneralAndAdministrativeExpenses": -248000000,
        "otherExpenses": 70000000,
        "operatingExpenses": 1543000000,
        "costAndExpenses": 4674000000,
        "interestIncome": 16000000,
        "interestExpense": 438000000,
        "depreciationAndAmortization": 1128000000,
        "ebitda": 2054000000,
        "ebitdaratio": 0.3801591708310198,
        "operatingIncome": 664000000,
        "operatingIncomeRatio": 0.12289468813622062,
        "totalOtherIncomeExpensesNet": -256000000,
        "incomeBeforeTax": 408000000,
        "incomeBeforeTaxRatio": 0.07551360355358135,
        "incomeTaxExpense": 112000000,
        "netIncome": 376000000,
        "netIncomeRatio": 0.06959096798075143,
        "eps": 0.46,
        "epsdiluted": 0.45,
        "weightedAverageShsOut": 673000000,
        "weightedAverageShsOutDil": 678000000,
        "link": "https://www.sec.gov/Archives/edgar/data/2488/000119312510035218/0001193125-10-035218-index.html",
        "finalLink": "https://www.sec.gov/Archives/edgar/data/2488/000119312510035218/d10k.htm"
    },
    {
        "date": "2008-12-27",
        "symbol": "AMD",
        "reportedCurrency": "USD",
        "cik": "0000002488",
        "fillingDate": "2009-02-24",
        "acceptedDate": "2009-02-24 16:32:20",
        "calendarYear": "2008",
        "period": "FY",
        "revenue": 5808000000,
        "costOfRevenue": 3488000000,
        "grossProfit": 2320000000,
        "grossProfitRatio": 0.39944903581267216,
        "researchAndDevelopmentExpenses": 1848000000,
        "generalAndAdministrativeExpenses": 0,
        "sellingAndMarketingExpenses": 0,
        "sellingGeneralAndAdministrativeExpenses": 1304000000,
        "otherExpenses": 1033000000,
        "operatingExpenses": 4185000000,
        "costAndExpenses": 7673000000,
        "interestIncome": 0,
        "interestExpense": 0,
        "depreciationAndAmortization": 1223000000,
        "ebitda": -1807000000,
        "ebitdaratio": -0.3111225895316804,
        "operatingIncome": -1955000000,
        "operatingIncomeRatio": -0.3366046831955923,
        "totalOtherIncomeExpensesNet": -305000000,
        "incomeBeforeTax": -2260000000,
        "incomeBeforeTaxRatio": -0.3891184573002755,
        "incomeTaxExpense": 68000000,
        "netIncome": -3098000000,
        "netIncomeRatio": -0.5334022038567493,
        "eps": -5.1,
        "epsdiluted": -5.1,
        "weightedAverageShsOut": 607000000,
        "weightedAverageShsOutDil": 607000000,
        "link": "https://www.sec.gov/Archives/edgar/data/2488/000119312509036235/0001193125-09-036235-index.html",
        "finalLink": "https://www.sec.gov/Archives/edgar/data/2488/000119312509036235/d10k.htm"
    },
    {
        "date": "2007-12-29",
        "symbol": "AMD",
        "reportedCurrency": "USD",
        "cik": "0000002488",
        "fillingDate": "2008-02-26",
        "acceptedDate": "2008-02-26 15:11:24",
        "calendarYear": "2007",
        "period": "FY",
        "revenue": 6013000000,
        "costOfRevenue": 3751000000,
        "grossProfit": 2262000000,
        "grossProfitRatio": 0.37618493264593383,
        "researchAndDevelopmentExpenses": 1847000000,
        "generalAndAdministrativeExpenses": 0,
        "sellingAndMarketingExpenses": 0,
        "sellingGeneralAndAdministrativeExpenses": 1373000000,
        "otherExpenses": 1907000000,
        "operatingExpenses": 5127000000,
        "costAndExpenses": 8878000000,
        "interestIncome": 0,
        "interestExpense": 0,
        "depreciationAndAmortization": 1138000000,
        "ebitda": -2218000000,
        "ebitdaratio": -0.3688674538499917,
        "operatingIncome": -2865000000,
        "operatingIncomeRatio": -0.4764676534175952,
        "totalOtherIncomeExpensesNet": -301000000,
        "incomeBeforeTax": -3166000000,
        "incomeBeforeTaxRatio": -0.5265258606352902,
        "incomeTaxExpense": 23000000,
        "netIncome": -3379000000,
        "netIncomeRatio": -0.561949110261101,
        "eps": -6.06,
        "epsdiluted": -6.06,
        "weightedAverageShsOut": 558000000,
        "weightedAverageShsOutDil": 558000000,
        "link": "https://www.sec.gov/Archives/edgar/data/2488/000119312508038588/d10k.htm",
        "finalLink": "https://www.sec.gov/Archives/edgar/data/2488/000119312508038588/d10k.htm"
    },
    {
        "date": "2006-12-31",
        "symbol": "AMD",
        "reportedCurrency": "USD",
        "cik": "0000002488",
        "fillingDate": "2007-03-01",
        "acceptedDate": "2007-03-01 14:49:10",
        "calendarYear": "2006",
        "period": "FY",
        "revenue": 5649000000,
        "costOfRevenue": 2856000000,
        "grossProfit": 2793000000,
        "grossProfitRatio": 0.4944237918215613,
        "researchAndDevelopmentExpenses": 1205000000,
        "generalAndAdministrativeExpenses": 0,
        "sellingAndMarketingExpenses": 0,
        "sellingGeneralAndAdministrativeExpenses": 1140000000,
        "otherExpenses": 79000000,
        "operatingExpenses": 2424000000,
        "costAndExpenses": 5280000000,
        "interestIncome": 0,
        "interestExpense": 0,
        "depreciationAndAmortization": 837000000,
        "ebitda": 694000000,
        "ebitdaratio": 0.12285360240750576,
        "operatingIncome": -47000000,
        "operatingIncomeRatio": -0.008320056647194193,
        "totalOtherIncomeExpensesNet": -166000000,
        "incomeBeforeTax": -213000000,
        "incomeBeforeTaxRatio": -0.03770578863515667,
        "incomeTaxExpense": 23000000,
        "netIncome": -166000000,
        "netIncomeRatio": -0.02938573198796247,
        "eps": -0.34,
        "epsdiluted": -0.34,
        "weightedAverageShsOut": 492000000,
        "weightedAverageShsOutDil": 492000000,
        "link": "https://www.sec.gov/Archives/edgar/data/2488/000119312507044191/d10k.htm",
        "finalLink": "https://www.sec.gov/Archives/edgar/data/2488/000119312507044191/d10k.htm"
    },
    {
        "date": "2005-12-25",
        "symbol": "AMD",
        "reportedCurrency": "USD",
        "cik": "0000002488",
        "fillingDate": "2006-02-27",
        "acceptedDate": "2006-02-27 17:17:21",
        "calendarYear": "2005",
        "period": "FY",
        "revenue": 5847577000,
        "costOfRevenue": 3455812000,
        "grossProfit": 2391765000,
        "grossProfitRatio": 0.409018128363252,
        "researchAndDevelopmentExpenses": 1144025000,
        "generalAndAdministrativeExpenses": 0,
        "sellingAndMarketingExpenses": 0,
        "sellingGeneralAndAdministrativeExpenses": 1016085000,
        "otherExpenses": 0,
        "operatingExpenses": 2160110000,
        "costAndExpenses": 5615922000,
        "interestIncome": 0,
        "interestExpense": 0,
        "depreciationAndAmortization": 1219344000,
        "ebitda": 1378185000,
        "ebitdaratio": 0.23568479731006534,
        "operatingIncome": 231655000,
        "operatingIncomeRatio": 0.03961555358740894,
        "totalOtherIncomeExpensesNet": -91389000,
        "incomeBeforeTax": 140266000,
        "incomeBeforeTaxRatio": 0.02398702915754679,
        "incomeTaxExpense": -6642000,
        "netIncome": 165483000,
        "netIncomeRatio": 0.02829941358617424,
        "eps": 0.41,
        "epsdiluted": 0.4,
        "weightedAverageShsOut": 400004000,
        "weightedAverageShsOutDil": 440776000,
        "link": "https://www.sec.gov/Archives/edgar/data/2488/000119312506040130/d10k.htm",
        "finalLink": "https://www.sec.gov/Archives/edgar/data/2488/000119312506040130/d10k.htm"
    },
    {
        "date": "2004-12-26",
        "symbol": "AMD",
        "reportedCurrency": "USD",
        "cik": "0000002488",
        "fillingDate": "2005-03-01",
        "acceptedDate": "2005-03-01 16:42:59",
        "calendarYear": "2004",
        "period": "FY",
        "revenue": 5001435000,
        "costOfRevenue": 3032585000,
        "grossProfit": 1968850000,
        "grossProfitRatio": 0.3936570204351351,
        "researchAndDevelopmentExpenses": 934574000,
        "generalAndAdministrativeExpenses": 0,
        "sellingAndMarketingExpenses": 0,
        "sellingGeneralAndAdministrativeExpenses": 807011000,
        "otherExpenses": 1000000,
        "operatingExpenses": 1742585000,
        "costAndExpenses": 4775170000,
        "interestIncome": 0,
        "interestExpense": 0,
        "depreciationAndAmortization": 1224252000,
        "ebitda": 1321246000,
        "ebitdaratio": 0.2641733822392973,
        "operatingIncome": 220809000,
        "operatingIncomeRatio": 0.044149129199919625,
        "totalOtherIncomeExpensesNet": -142478000,
        "incomeBeforeTax": 78331000,
        "incomeBeforeTaxRatio": 0.015661705090638987,
        "incomeTaxExpense": 5838000,
        "netIncome": 91156000,
        "netIncomeRatio": 0.018225969146854853,
        "eps": 0.25,
        "epsdiluted": 0.25,
        "weightedAverageShsOut": 358886000,
        "weightedAverageShsOutDil": 371066000,
        "link": "https://www.sec.gov/Archives/edgar/data/2488/000119312505039876/d10k.htm",
        "finalLink": "https://www.sec.gov/Archives/edgar/data/2488/000119312505039876/d10k.htm"
    },
    {
        "date": "2003-12-28",
        "symbol": "AMD",
        "reportedCurrency": "USD",
        "cik": "0000002488",
        "fillingDate": "2004-03-09",
        "acceptedDate": "2004-03-09 15:11:42",
        "calendarYear": "2003",
        "period": "FY",
        "revenue": 3519168000,
        "costOfRevenue": 2327063000,
        "grossProfit": 1192105000,
        "grossProfitRatio": 0.33874626047974976,
        "researchAndDevelopmentExpenses": 852075000,
        "generalAndAdministrativeExpenses": 0,
        "sellingAndMarketingExpenses": 0,
        "sellingGeneralAndAdministrativeExpenses": 587307000,
        "otherExpenses": 0,
        "operatingExpenses": 1439382000,
        "costAndExpenses": 3766445000,
        "interestIncome": 0,
        "interestExpense": 0,
        "depreciationAndAmortization": 995663000,
        "ebitda": 724109000,
        "ebitdaratio": 0.20576141860803462,
        "operatingIncome": -233384000,
        "operatingIncomeRatio": -0.06631794787858948,
        "totalOtherIncomeExpensesNet": -44083000,
        "incomeBeforeTax": -277467000,
        "incomeBeforeTaxRatio": -0.07884448824267554,
        "incomeTaxExpense": 2936000,
        "netIncome": -274490000,
        "netIncomeRatio": -0.0779985496571917,
        "eps": -0.79,
        "epsdiluted": -0.79,
        "weightedAverageShsOut": 346934000,
        "weightedAverageShsOutDil": 346934000,
        "link": "https://www.sec.gov/Archives/edgar/data/2488/000119312504037179/d10k.htm",
        "finalLink": "https://www.sec.gov/Archives/edgar/data/2488/000119312504037179/d10k.htm"
    },
    {
        "date": "2002-12-29",
        "symbol": "AMD",
        "reportedCurrency": "USD",
        "cik": "0000002488",
        "fillingDate": "2003-03-14",
        "acceptedDate": "2003-03-14 17:05:36",
        "calendarYear": "2002",
        "period": "FY",
        "revenue": 2697029000,
        "costOfRevenue": 2105661000,
        "grossProfit": 591368000,
        "grossProfitRatio": 0.21926645950043547,
        "researchAndDevelopmentExpenses": 816114000,
        "generalAndAdministrativeExpenses": 0,
        "sellingAndMarketingExpenses": 0,
        "sellingGeneralAndAdministrativeExpenses": 670065000,
        "otherExpenses": 0,
        "operatingExpenses": 1486179000,
        "costAndExpenses": 3591840000,
        "interestIncome": 0,
        "interestExpense": 0,
        "depreciationAndAmortization": 756169000,
        "ebitda": -502257000,
        "ebitdaratio": -0.18622602871530117,
        "operatingIncome": -1225386000,
        "operatingIncomeRatio": -0.45434661622103434,
        "totalOtherIncomeExpensesNet": -39217000,
        "incomeBeforeTax": -1264603000,
        "incomeBeforeTaxRatio": -0.4688874313179428,
        "incomeTaxExpense": 44586000,
        "netIncome": -1303012000,
        "netIncomeRatio": -0.4831286574968234,
        "eps": -3.81,
        "epsdiluted": -3.81,
        "weightedAverageShsOut": 342334000,
        "weightedAverageShsOutDil": 342334000,
        "link": "https://www.sec.gov/Archives/edgar/data/2488/000101287003001181/d10k.htm",
        "finalLink": "https://www.sec.gov/Archives/edgar/data/2488/000101287003001181/d10k.htm"
    },
    {
        "date": "2001-12-30",
        "symbol": "AMD",
        "reportedCurrency": "USD",
        "cik": "0000002488",
        "fillingDate": "2002-03-07",
        "acceptedDate": "2002-03-07 00:00:00",
        "calendarYear": "2001",
        "period": "FY",
        "revenue": 3891754000,
        "costOfRevenue": 2589747000,
        "grossProfit": 1302007000,
        "grossProfitRatio": 0.33455531875858546,
        "researchAndDevelopmentExpenses": 650930000,
        "generalAndAdministrativeExpenses": 0,
        "sellingAndMarketingExpenses": 0,
        "sellingGeneralAndAdministrativeExpenses": 620030000,
        "otherExpenses": 0,
        "operatingExpenses": 1270960000,
        "costAndExpenses": 3860707000,
        "interestIncome": 0,
        "interestExpense": 0,
        "depreciationAndAmortization": 622867000,
        "ebitda": 547823000,
        "ebitdaratio": 0.1407650637733012,
        "operatingIncome": -58258000,
        "operatingIncomeRatio": -0.014969599825682713,
        "totalOtherIncomeExpensesNet": -35665000,
        "incomeBeforeTax": -93923000,
        "incomeBeforeTaxRatio": -0.024133848131202538,
        "incomeTaxExpense": -14463000,
        "netIncome": -60581000,
        "netIncomeRatio": -0.015566502918735356,
        "eps": -0.18,
        "epsdiluted": -0.18,
        "weightedAverageShsOut": 332407000,
        "weightedAverageShsOutDil": 332407000,
        "link": "https://www.sec.gov/Archives/edgar/data/2488/000101287002001071/0001012870-02-001071-index.html",
        "finalLink": "https://www.sec.gov/Archives/edgar/data/2488/000101287002001071/d10k.txt"
    },
    {
        "date": "2000-12-31",
        "symbol": "AMD",
        "reportedCurrency": "USD",
        "cik": "0000002488",
        "fillingDate": "2000-12-31",
        "acceptedDate": "2000-12-30 19:00:00",
        "calendarYear": "2000",
        "period": "FY",
        "revenue": 4644187000,
        "costOfRevenue": 2514637000,
        "grossProfit": 2129550000,
        "grossProfitRatio": 0.4585409674502771,
        "researchAndDevelopmentExpenses": 641799000,
        "generalAndAdministrativeExpenses": 0,
        "sellingAndMarketingExpenses": 0,
        "sellingGeneralAndAdministrativeExpenses": 599015000,
        "otherExpenses": 0,
        "operatingExpenses": 1240814000,
        "costAndExpenses": 3755451000,
        "interestIncome": 0,
        "interestExpense": 0,
        "depreciationAndAmortization": 579070000,
        "ebitda": 1818964000,
        "ebitdaratio": 0.391664676723827,
        "operatingIncome": 888736000,
        "operatingIncomeRatio": 0.19136524864308865,
        "totalOtherIncomeExpensesNet": 363163000,
        "incomeBeforeTax": 1251899000,
        "incomeBeforeTaxRatio": 0.2695625736000725,
        "incomeTaxExpense": 256868000,
        "netIncome": 983026000,
        "netIncomeRatio": 0.21166804868107164,
        "eps": 3.18,
        "epsdiluted": 2.89,
        "weightedAverageShsOut": 309331000,
        "weightedAverageShsOutDil": 350000000,
        "link": "",
        "finalLink": ""
    },
    {
        "date": "1999-12-26",
        "symbol": "AMD",
        "reportedCurrency": "USD",
        "cik": "0000002488",
        "fillingDate": "1999-12-26",
        "acceptedDate": "1999-12-25 19:00:00",
        "calendarYear": "1999",
        "period": "FY",
        "revenue": 2857604000,
        "costOfRevenue": 1964434000,
        "grossProfit": 893170000,
        "grossProfitRatio": 0.31255905296885084,
        "researchAndDevelopmentExpenses": 635786000,
        "generalAndAdministrativeExpenses": 0,
        "sellingAndMarketingExpenses": 0,
        "sellingGeneralAndAdministrativeExpenses": 540070000,
        "otherExpenses": 0,
        "operatingExpenses": 1175856000,
        "costAndExpenses": 3140290000,
        "interestIncome": 0,
        "interestExpense": 0,
        "depreciationAndAmortization": 515520000,
        "ebitda": 593934000,
        "ebitdaratio": 0.20784335408265106,
        "operatingIncome": -320916000,
        "operatingIncomeRatio": -0.11230247438063497,
        "totalOtherIncomeExpensesNet": 394541000,
        "incomeBeforeTax": 73625000,
        "incomeBeforeTaxRatio": 0.02576459159491658,
        "incomeTaxExpense": 167350000,
        "netIncome": -88936000,
        "netIncomeRatio": -0.03112257681610188,
        "eps": -0.3,
        "epsdiluted": -0.3,
        "weightedAverageShsOut": 294136000,
        "weightedAverageShsOutDil": 294136000,
        "link": "",
        "finalLink": ""
    },
    {
        "date": "1998-12-27",
        "symbol": "AMD",
        "reportedCurrency": "USD",
        "cik": "0000002488",
        "fillingDate": "1999-03-29",
        "acceptedDate": "1999-03-29 00:00:00",
        "calendarYear": "1998",
        "period": "FY",
        "revenue": 2542141000,
        "costOfRevenue": 1718703000,
        "grossProfit": 823438000,
        "grossProfitRatio": 0.32391515655504555,
        "researchAndDevelopmentExpenses": 567402000,
        "generalAndAdministrativeExpenses": 0,
        "sellingAndMarketingExpenses": 0,
        "sellingGeneralAndAdministrativeExpenses": 419678000,
        "otherExpenses": 0,
        "operatingExpenses": 987080000,
        "costAndExpenses": 2705783000,
        "interestIncome": 0,
        "interestExpense": 0,
        "depreciationAndAmortization": 467521000,
        "ebitda": 271683000,
        "ebitdaratio": 0.10687172741401835,
        "operatingIncome": -163642000,
        "operatingIncomeRatio": -0.06437172446374925,
        "totalOtherIncomeExpensesNet": -43787000,
        "incomeBeforeTax": -207429000,
        "incomeBeforeTaxRatio": -0.08159618211578351,
        "incomeTaxExpense": -91878000,
        "netIncome": -103960000,
        "netIncomeRatio": -0.04089466319924819,
        "eps": -0.36,
        "epsdiluted": -0.36,
        "weightedAverageShsOut": 287336000,
        "weightedAverageShsOutDil": 287336000,
        "link": "https://www.sec.gov/Archives/edgar/data/2488/000101287099000892/0001012870-99-000892-index.html",
        "finalLink": "https://www.sec.gov/Archives/edgar/data/2488/0001012870-99-000892.txt"
    },
    {
        "date": "1997-12-28",
        "symbol": "AMD",
        "reportedCurrency": "USD",
        "cik": "0000002488",
        "fillingDate": "1997-12-28",
        "acceptedDate": "1997-12-27 19:00:00",
        "calendarYear": "1997",
        "period": "FY",
        "revenue": 2356375000,
        "costOfRevenue": 1578438000,
        "grossProfit": 777937000,
        "grossProfitRatio": 0.3301414248580977,
        "researchAndDevelopmentExpenses": 467877000,
        "generalAndAdministrativeExpenses": 0,
        "sellingAndMarketingExpenses": 0,
        "sellingGeneralAndAdministrativeExpenses": 400713000,
        "otherExpenses": 0,
        "operatingExpenses": 868590000,
        "costAndExpenses": 2447028000,
        "interestIncome": 0,
        "interestExpense": 0,
        "depreciationAndAmortization": 394465000,
        "ebitda": 318220000,
        "ebitdaratio": 0.13504641663572226,
        "operatingIncome": -90653000,
        "operatingIncomeRatio": -0.038471380828603255,
        "totalOtherIncomeExpensesNet": -10179000,
        "incomeBeforeTax": -100832000,
        "incomeBeforeTaxRatio": -0.042791151663041746,
        "incomeTaxExpense": -55155000,
        "netIncome": -21090000,
        "netIncomeRatio": -0.008950188318922072,
        "eps": -0.075,
        "epsdiluted": -0.075,
        "weightedAverageShsOut": 280906000,
        "weightedAverageShsOutDil": 280906000,
        "link": "",
        "finalLink": ""
    },
    {
        "date": "1996-12-29",
        "symbol": "AMD",
        "reportedCurrency": "USD",
        "cik": "0000002488",
        "fillingDate": "1997-03-20",
        "acceptedDate": "1997-03-20 00:00:00",
        "calendarYear": "1996",
        "period": "FY",
        "revenue": 1953019000,
        "costOfRevenue": 1440828000,
        "grossProfit": 512191000,
        "grossProfitRatio": 0.26225602515899743,
        "researchAndDevelopmentExpenses": 400703000,
        "generalAndAdministrativeExpenses": 0,
        "sellingAndMarketingExpenses": 0,
        "sellingGeneralAndAdministrativeExpenses": 364798000,
        "otherExpenses": 0,
        "operatingExpenses": 765501000,
        "costAndExpenses": 2206329000,
        "interestIncome": 0,
        "interestExpense": 0,
        "depreciationAndAmortization": 332640000,
        "ebitda": 178682000,
        "ebitdaratio": 0.0914901493533857,
        "operatingIncome": -253310000,
        "operatingIncomeRatio": -0.1297017591738739,
        "totalOtherIncomeExpensesNet": 44554000,
        "incomeBeforeTax": -208756000,
        "incomeBeforeTaxRatio": -0.10688887307291942,
        "incomeTaxExpense": -85008000,
        "netIncome": -68950000,
        "netIncomeRatio": -0.035304316035839896,
        "eps": -0.255,
        "epsdiluted": -0.255,
        "weightedAverageShsOut": 271374000,
        "weightedAverageShsOutDil": 271374000,
        "link": "https://www.sec.gov/Archives/edgar/data/2488/000101287097000533/0001012870-97-000533-index.html",
        "finalLink": "https://www.sec.gov/Archives/edgar/data/2488/0001012870-97-000533.txt"
    },
    {
        "date": "1995-12-31",
        "symbol": "AMD",
        "reportedCurrency": "USD",
        "cik": "0000002488",
        "fillingDate": "1996-08-05",
        "acceptedDate": "1996-08-04 20:00:00",
        "calendarYear": "1995",
        "period": "FY",
        "revenue": 2429724000,
        "costOfRevenue": 1298876000,
        "grossProfit": 1130848000,
        "grossProfitRatio": 0.46542241011736313,
        "researchAndDevelopmentExpenses": 397555000,
        "generalAndAdministrativeExpenses": 0,
        "sellingAndMarketingExpenses": 0,
        "sellingGeneralAndAdministrativeExpenses": 385016000,
        "otherExpenses": 0,
        "operatingExpenses": 782571000,
        "costAndExpenses": 2081447000,
        "interestIncome": 0,
        "interestExpense": 0,
        "depreciationAndAmortization": 262501000,
        "ebitda": 675760000,
        "ebitdaratio": 0.278122124158958,
        "operatingIncome": 348277000,
        "operatingIncomeRatio": 0.14334014892226443,
        "totalOtherIncomeExpensesNet": 30056000,
        "incomeBeforeTax": 378333000,
        "incomeBeforeTaxRatio": 0.15571027820443803,
        "incomeTaxExpense": 112738000,
        "netIncome": 300521000,
        "netIncomeRatio": 0.12368524161592016,
        "eps": 1.425,
        "epsdiluted": 1.405,
        "weightedAverageShsOut": 211150000,
        "weightedAverageShsOutDil": 214070000,
        "link": "https://www.sec.gov/Archives/edgar/data/2488/0000898430-96-003467-index.html",
        "finalLink": "https://www.sec.gov/Archives/edgar/data/2488/"
    },
    {
        "date": "1994-12-25",
        "symbol": "AMD",
        "reportedCurrency": "USD",
        "cik": "0000002488",
        "fillingDate": "1995-03-07",
        "acceptedDate": "1995-03-07 00:00:00",
        "calendarYear": "1994",
        "period": "FY",
        "revenue": 2134700000,
        "costOfRevenue": 982306000,
        "grossProfit": 1152394000,
        "grossProfitRatio": 0.5398388532346465,
        "researchAndDevelopmentExpenses": 279984000,
        "generalAndAdministrativeExpenses": 0,
        "sellingAndMarketingExpenses": 0,
        "sellingGeneralAndAdministrativeExpenses": 359230000,
        "otherExpenses": 41000,
        "operatingExpenses": 639255000,
        "costAndExpenses": 1621561000,
        "interestIncome": 0,
        "interestExpense": 0,
        "depreciationAndAmortization": 215984000,
        "ebitda": 674953000,
        "ebitdaratio": 0.31618166487094207,
        "operatingIncome": 513139000,
        "operatingIncomeRatio": 0.24037991286831872,
        "totalOtherIncomeExpensesNet": -43585000,
        "incomeBeforeTax": 469554000,
        "incomeBeforeTaxRatio": 0.21996252400805733,
        "incomeTaxExpense": 153703000,
        "netIncome": 305266000,
        "netIncomeRatio": 0.1430018269546072,
        "eps": 1.51,
        "epsdiluted": 1.46,
        "weightedAverageShsOut": 195020000,
        "weightedAverageShsOutDil": 209140000,
        "link": "https://www.sec.gov/Archives/edgar/data/2488/000095013195000530/0000950131-95-000530-index.html",
        "finalLink": "https://www.sec.gov/Archives/edgar/data/2488/0000950131-95-000530.txt"
    },
    {
        "date": "1993-12-31",
        "symbol": "AMD",
        "reportedCurrency": "USD",
        "cik": "0000002488",
        "fillingDate": "1993-12-31",
        "acceptedDate": "1993-12-30 19:00:00",
        "calendarYear": "1993",
        "period": "FY",
        "revenue": 1648280000,
        "costOfRevenue": 789564000,
        "grossProfit": 858716000,
        "grossProfitRatio": 0.520977018467736,
        "researchAndDevelopmentExpenses": 262802000,
        "generalAndAdministrativeExpenses": 0,
        "sellingAndMarketingExpenses": 0,
        "sellingGeneralAndAdministrativeExpenses": 290861000,
        "otherExpenses": 0,
        "operatingExpenses": 553663000,
        "costAndExpenses": 1343227000,
        "interestIncome": 0,
        "interestExpense": 0,
        "depreciationAndAmortization": 175067000,
        "ebitda": 492819000,
        "ebitdaratio": 0.29898985609241147,
        "operatingIncome": 305053000,
        "operatingIncomeRatio": 0.185073531196156,
        "totalOtherIncomeExpensesNet": 12699000,
        "incomeBeforeTax": 317752000,
        "incomeBeforeTaxRatio": 0.1927779260805203,
        "incomeTaxExpense": 88971000,
        "netIncome": 228781000,
        "netIncomeRatio": 0.13879983983303806,
        "eps": 0.88,
        "epsdiluted": 0.82,
        "weightedAverageShsOut": 190216000,
        "weightedAverageShsOutDil": 204126000,
        "link": "",
        "finalLink": ""
    },
    {
        "date": "1992-12-31",
        "symbol": "AMD",
        "reportedCurrency": "USD",
        "cik": "0000002488",
        "fillingDate": "1992-12-31",
        "acceptedDate": "1992-12-30 19:00:00",
        "calendarYear": "1992",
        "period": "FY",
        "revenue": 1514500000,
        "costOfRevenue": 594200000,
        "grossProfit": 920300000,
        "grossProfitRatio": 0.6076592934962034,
        "researchAndDevelopmentExpenses": 0,
        "generalAndAdministrativeExpenses": 0,
        "sellingAndMarketingExpenses": 0,
        "sellingGeneralAndAdministrativeExpenses": 498100000,
        "otherExpenses": 152300000,
        "operatingExpenses": 650400000,
        "costAndExpenses": 1244600000,
        "interestIncome": 0,
        "interestExpense": 0,
        "depreciationAndAmortization": 152300000,
        "ebitda": 423900000,
        "ebitdaratio": 0.27989435457246614,
        "operatingIncome": 269900000,
        "operatingIncomeRatio": 0.17821063057114558,
        "totalOtherIncomeExpensesNet": 1700000,
        "incomeBeforeTax": 271600000,
        "incomeBeforeTaxRatio": 0.17933311323869264,
        "incomeTaxExpense": 26600000,
        "netIncome": 245000000,
        "netIncomeRatio": 0.16176956091119182,
        "eps": 1.29,
        "epsdiluted": 1.25,
        "weightedAverageShsOut": 181860465,
        "weightedAverageShsOutDil": 187680000,
        "link": "",
        "finalLink": ""
    },
    {
        "date": "1991-12-31",
        "symbol": "AMD",
        "reportedCurrency": "USD",
        "cik": "0000002488",
        "fillingDate": "1991-12-31",
        "acceptedDate": "1991-12-30 19:00:00",
        "calendarYear": "1991",
        "period": "FY",
        "revenue": 1226600000,
        "costOfRevenue": 502900000,
        "grossProfit": 723700000,
        "grossProfitRatio": 0.590004891570194,
        "researchAndDevelopmentExpenses": 0,
        "generalAndAdministrativeExpenses": 0,
        "sellingAndMarketingExpenses": 0,
        "sellingGeneralAndAdministrativeExpenses": 458700000,
        "otherExpenses": 155900000,
        "operatingExpenses": 614600000,
        "costAndExpenses": 1117500000,
        "interestIncome": 0,
        "interestExpense": 0,
        "depreciationAndAmortization": 155900000,
        "ebitda": 301200000,
        "ebitdaratio": 0.24555682374042068,
        "operatingIncome": 109100000,
        "operatingIncomeRatio": 0.08894505136148703,
        "totalOtherIncomeExpensesNet": 57000000,
        "incomeBeforeTax": 0,
        "incomeBeforeTaxRatio": 0,
        "incomeTaxExpense": 0,
        "netIncome": 145300000,
        "netIncomeRatio": 0.11845752486548182,
        "eps": 0.77,
        "epsdiluted": 0.76,
        "weightedAverageShsOut": 175194805,
        "weightedAverageShsOutDil": 177500000,
        "link": "",
        "finalLink": ""
    },
    {
        "date": "1990-12-31",
        "symbol": "AMD",
        "reportedCurrency": "USD",
        "cik": "0000002488",
        "fillingDate": "1990-12-31",
        "acceptedDate": "1990-12-30 19:00:00",
        "calendarYear": "1990",
        "period": "FY",
        "revenue": 1059200000,
        "costOfRevenue": 550200000,
        "grossProfit": 509000000,
        "grossProfitRatio": 0.4805513595166163,
        "researchAndDevelopmentExpenses": 0,
        "generalAndAdministrativeExpenses": 0,
        "sellingAndMarketingExpenses": 0,
        "sellingGeneralAndAdministrativeExpenses": 431900000,
        "otherExpenses": 128300000,
        "operatingExpenses": 560200000,
        "costAndExpenses": 1110400000,
        "interestIncome": 0,
        "interestExpense": 0,
        "depreciationAndAmortization": 128300000,
        "ebitda": 74700000,
        "ebitdaratio": 0.0705249244712991,
        "operatingIncome": -51200000,
        "operatingIncomeRatio": -0.04833836858006042,
        "totalOtherIncomeExpensesNet": 5900000,
        "incomeBeforeTax": 0,
        "incomeBeforeTaxRatio": 0,
        "incomeTaxExpense": 0,
        "netIncome": -53600000,
        "netIncomeRatio": -0.05060422960725076,
        "eps": -0.39,
        "epsdiluted": -0.39,
        "weightedAverageShsOut": 164102564,
        "weightedAverageShsOutDil": 164102564,
        "link": "",
        "finalLink": ""
    },
    {
        "date": "1989-12-31",
        "symbol": "AMD",
        "reportedCurrency": "USD",
        "cik": "0000002488",
        "fillingDate": "1989-12-31",
        "acceptedDate": "1989-12-30 19:00:00",
        "calendarYear": "1989",
        "period": "FY",
        "revenue": 1104600000,
        "costOfRevenue": 507000000,
        "grossProfit": 597600000,
        "grossProfitRatio": 0.5410103204780011,
        "researchAndDevelopmentExpenses": 0,
        "generalAndAdministrativeExpenses": 0,
        "sellingAndMarketingExpenses": 0,
        "sellingGeneralAndAdministrativeExpenses": 422700000,
        "otherExpenses": 136400000,
        "operatingExpenses": 559100000,
        "costAndExpenses": 1066100000,
        "interestIncome": 0,
        "interestExpense": 0,
        "depreciationAndAmortization": 136400000,
        "ebitda": 186300000,
        "ebitdaratio": 0.16865833785985876,
        "operatingIncome": 38500000,
        "operatingIncomeRatio": 0.03485424588086185,
        "totalOtherIncomeExpensesNet": 11400000,
        "incomeBeforeTax": 49900000,
        "incomeBeforeTaxRatio": 0.045174723881948216,
        "incomeTaxExpense": 3800000,
        "netIncome": 46100000,
        "netIncomeRatio": 0.041734564548252764,
        "eps": 0.22,
        "epsdiluted": 0.22,
        "weightedAverageShsOut": 162272727,
        "weightedAverageShsOutDil": 162272727,
        "link": "",
        "finalLink": ""
    },
    {
        "date": "1988-12-31",
        "symbol": "AMD",
        "reportedCurrency": "USD",
        "cik": "0000002488",
        "fillingDate": "1988-12-31",
        "acceptedDate": "1988-12-30 19:00:00",
        "calendarYear": "1988",
        "period": "FY",
        "revenue": 1125900000,
        "costOfRevenue": 508700000,
        "grossProfit": 617200000,
        "grossProfitRatio": 0.5481836752819966,
        "researchAndDevelopmentExpenses": 0,
        "generalAndAdministrativeExpenses": 0,
        "sellingAndMarketingExpenses": 0,
        "sellingGeneralAndAdministrativeExpenses": 432500000,
        "otherExpenses": 153200000,
        "operatingExpenses": 585700000,
        "costAndExpenses": 1094400000,
        "interestIncome": 0,
        "interestExpense": 0,
        "depreciationAndAmortization": 153200000,
        "ebitda": 172500000,
        "ebitdaratio": 0.1532107647215561,
        "operatingIncome": 31500000,
        "operatingIncomeRatio": 0.027977617905675458,
        "totalOtherIncomeExpensesNet": 4000000,
        "incomeBeforeTax": 0,
        "incomeBeforeTaxRatio": 0,
        "incomeTaxExpense": 0,
        "netIncome": 19300000,
        "netIncomeRatio": 0.017141842081890044,
        "eps": 0.06,
        "epsdiluted": 0.06,
        "weightedAverageShsOut": 148333333,
        "weightedAverageShsOutDil": 148333333,
        "link": "",
        "finalLink": ""
    },
    {
        "date": "1987-12-31",
        "symbol": "AMD",
        "reportedCurrency": "USD",
        "cik": "0000002488",
        "fillingDate": "1987-12-31",
        "acceptedDate": "1987-12-30 19:00:00",
        "calendarYear": "1987",
        "period": "FY",
        "revenue": 997100000,
        "costOfRevenue": 409600000,
        "grossProfit": 587500000,
        "grossProfitRatio": 0.5892087052452111,
        "researchAndDevelopmentExpenses": 0,
        "generalAndAdministrativeExpenses": 0,
        "sellingAndMarketingExpenses": 0,
        "sellingGeneralAndAdministrativeExpenses": 451000000,
        "otherExpenses": 152700000,
        "operatingExpenses": 603700000,
        "costAndExpenses": 1013300000,
        "interestIncome": 0,
        "interestExpense": 0,
        "depreciationAndAmortization": 152700000,
        "ebitda": 107100000,
        "ebitdaratio": 0.10741149333065891,
        "operatingIncome": -16200000,
        "operatingIncomeRatio": -0.016247116638250927,
        "totalOtherIncomeExpensesNet": -29400000,
        "incomeBeforeTax": -45600000,
        "incomeBeforeTaxRatio": -0.04573262461137298,
        "incomeTaxExpense": 2500000,
        "netIncome": -48100000,
        "netIncomeRatio": -0.048239895697522815,
        "eps": -0.36,
        "epsdiluted": -0.36,
        "weightedAverageShsOut": 155277778,
        "weightedAverageShsOutDil": 155277778,
        "link": "",
        "finalLink": ""
    },
    {
        "date": "1987-03-31",
        "symbol": "AMD",
        "reportedCurrency": "USD",
        "cik": "0000002488",
        "fillingDate": "1987-03-31",
        "acceptedDate": "1987-03-30 19:00:00",
        "calendarYear": "1987",
        "period": "FY",
        "revenue": 632000000,
        "costOfRevenue": 254500000,
        "grossProfit": 377500000,
        "grossProfitRatio": 0.5973101265822784,
        "researchAndDevelopmentExpenses": 0,
        "generalAndAdministrativeExpenses": 0,
        "sellingAndMarketingExpenses": 0,
        "sellingGeneralAndAdministrativeExpenses": 319300000,
        "otherExpenses": 119900000,
        "operatingExpenses": 439200000,
        "costAndExpenses": 693700000,
        "interestIncome": 0,
        "interestExpense": 0,
        "depreciationAndAmortization": 119900000,
        "ebitda": 24000000,
        "ebitdaratio": 0.0379746835443038,
        "operatingIncome": -61700000,
        "operatingIncomeRatio": -0.09762658227848102,
        "totalOtherIncomeExpensesNet": -19700000,
        "incomeBeforeTax": 0,
        "incomeBeforeTaxRatio": 0,
        "incomeTaxExpense": 0,
        "netIncome": -95900000,
        "netIncomeRatio": -0.15174050632911393,
        "eps": -0.83,
        "epsdiluted": -0.83,
        "weightedAverageShsOut": 115542169,
        "weightedAverageShsOutDil": 115542169,
        "link": "",
        "finalLink": ""
    },
    {
        "date": "1986-03-31",
        "symbol": "AMD",
        "reportedCurrency": "USD",
        "cik": "0000002488",
        "fillingDate": "1986-03-31",
        "acceptedDate": "1986-03-30 19:00:00",
        "calendarYear": "1986",
        "period": "FY",
        "revenue": 576100000,
        "costOfRevenue": 235000000,
        "grossProfit": 341100000,
        "grossProfitRatio": 0.5920847075160562,
        "researchAndDevelopmentExpenses": 0,
        "generalAndAdministrativeExpenses": 0,
        "sellingAndMarketingExpenses": 0,
        "sellingGeneralAndAdministrativeExpenses": 306100000,
        "otherExpenses": 112800000,
        "operatingExpenses": 418900000,
        "costAndExpenses": 653900000,
        "interestIncome": 0,
        "interestExpense": 0,
        "depreciationAndAmortization": 112800000,
        "ebitda": 28100000,
        "ebitdaratio": 0.04877625412254817,
        "operatingIncome": -77800000,
        "operatingIncomeRatio": -0.13504599895851416,
        "totalOtherIncomeExpensesNet": -6900000,
        "incomeBeforeTax": -84700000,
        "incomeBeforeTaxRatio": -0.14702308626974483,
        "incomeTaxExpense": -48100000,
        "netIncome": -36600000,
        "netIncomeRatio": -0.06353063704218018,
        "eps": -0.33,
        "epsdiluted": -0.33,
        "weightedAverageShsOut": 110909091,
        "weightedAverageShsOutDil": 110909091,
        "link": "",
        "finalLink": ""
    }
]