[
    {
        "date": "2021-12-31",
        "symbol": "AON",
        "reportedCurrency": "USD",
        "cik": "0000315293",
        "fillingDate": "2022-02-18",
        "acceptedDate": "2022-02-18 16:07:56",
        "calendarYear": "2021",
        "period": "FY",
        "revenue": 12193000000,
        "costOfRevenue": 6738000000,
        "grossProfit": 5455000000,
        "grossProfitRatio": 0.4473878454851144,
        "researchAndDevelopmentExpenses": 0,
        "generalAndAdministrativeExpenses": 3039000000,
        "sellingAndMarketingExpenses": 0,
        "sellingGeneralAndAdministrativeExpenses": 3039000000,
        "otherExpenses": 326000000,
        "operatingExpenses": 3365000000,
        "costAndExpenses": 10103000000,
        "interestIncome": 11000000,
        "interestExpense": 322000000,
        "depreciationAndAmortization": 326000000,
        "ebitda": 2526000000,
        "ebitdaratio": 0.2071680472402198,
        "operatingIncome": 2090000000,
        "operatingIncomeRatio": 0.17140982530960386,
        "totalOtherIncomeExpensesNet": -159000000,
        "incomeBeforeTax": 1931000000,
        "incomeBeforeTaxRatio": 0.1583695563027967,
        "incomeTaxExpense": 623000000,
        "netIncome": 1255000000,
        "netIncomeRatio": 0.10292790945624539,
        "eps": 5.41,
        "epsdiluted": 5.38,
        "weightedAverageShsOut": 231900000,
        "weightedAverageShsOutDil": 233100000,
        "link": "https://www.sec.gov/Archives/edgar/data/315293/000162828022003180/0001628280-22-003180-index.htm",
        "finalLink": "https://www.sec.gov/Archives/edgar/data/315293/000162828022003180/aon-20211231.htm"
    },
    {
        "date": "2020-12-31",
        "symbol": "AON",
        "reportedCurrency": "USD",
        "cik": "0000315293",
        "fillingDate": "2021-02-19",
        "acceptedDate": "2021-02-19 16:59:44",
        "calendarYear": "2020",
        "period": "FY",
        "revenue": 11066000000,
        "costOfRevenue": 5905000000,
        "grossProfit": 5161000000,
        "grossProfitRatio": 0.4663835170793421,
        "researchAndDevelopmentExpenses": 0,
        "generalAndAdministrativeExpenses": 1967000000,
        "sellingAndMarketingExpenses": 0,
        "sellingGeneralAndAdministrativeExpenses": 1967000000,
        "otherExpenses": 413000000,
        "operatingExpenses": 2380000000,
        "costAndExpenses": 8285000000,
        "interestIncome": 6000000,
        "interestExpense": 334000000,
        "depreciationAndAmortization": 413000000,
        "ebitda": 3164000000,
        "ebitdaratio": 0.2859208386047352,
        "operatingIncome": 2781000000,
        "operatingIncomeRatio": 0.2513103198987891,
        "totalOtherIncomeExpensesNet": -316000000,
        "incomeBeforeTax": 2465000000,
        "incomeBeforeTaxRatio": 0.22275438279414422,
        "incomeTaxExpense": 448000000,
        "netIncome": 1969000000,
        "netIncomeRatio": 0.1779324055666004,
        "eps": 8.49,
        "epsdiluted": 8.45,
        "weightedAverageShsOut": 231900000,
        "weightedAverageShsOutDil": 233100000,
        "link": "https://www.sec.gov/Archives/edgar/data/315293/000162828021002574/0001628280-21-002574-index.htm",
        "finalLink": "https://www.sec.gov/Archives/edgar/data/315293/000162828021002574/aon-20201231.htm"
    },
    {
        "date": "2019-12-31",
        "symbol": "AON",
        "reportedCurrency": "USD",
        "cik": "0000315293",
        "fillingDate": "2020-02-14",
        "acceptedDate": "2020-02-14 16:40:54",
        "calendarYear": "2019",
        "period": "FY",
        "revenue": 11013000000,
        "costOfRevenue": 0,
        "grossProfit": 0,
        "grossProfitRatio": 1,
        "researchAndDevelopmentExpenses": 0,
        "generalAndAdministrativeExpenses": 7843000000,
        "sellingAndMarketingExpenses": 0,
        "sellingGeneralAndAdministrativeExpenses": 2226000000,
        "otherExpenses": 555000000,
        "operatingExpenses": 2781000000,
        "costAndExpenses": 8831000000,
        "interestIncome": 8000000,
        "interestExpense": 307000000,
        "depreciationAndAmortization": 564000000,
        "ebitda": 2700000000,
        "ebitdaratio": 0.24516480523018253,
        "operatingIncome": 2169000000,
        "operatingIncomeRatio": 0.19694906020157996,
        "totalOtherIncomeExpensesNet": -298000000,
        "incomeBeforeTax": 1871000000,
        "incomeBeforeTaxRatio": 0.169890129846545,
        "incomeTaxExpense": 297000000,
        "netIncome": 1532000000,
        "netIncomeRatio": 0.13910832652319985,
        "eps": 6.42,
        "epsdiluted": 6.37,
        "weightedAverageShsOut": 238600000,
        "weightedAverageShsOutDil": 240600000,
        "link": "https://www.sec.gov/Archives/edgar/data/315293/000162828020001607/0001628280-20-001607-index.html",
        "finalLink": "https://www.sec.gov/Archives/edgar/data/315293/000162828020001607/aonplc201910-k.htm"
    },
    {
        "date": "2018-12-31",
        "symbol": "AON",
        "reportedCurrency": "USD",
        "cik": "0000315293",
        "fillingDate": "2019-02-19",
        "acceptedDate": "2019-02-19 17:09:03",
        "calendarYear": "2018",
        "period": "FY",
        "revenue": 10770000000,
        "costOfRevenue": 0,
        "grossProfit": 0,
        "grossProfitRatio": 1,
        "researchAndDevelopmentExpenses": 0,
        "generalAndAdministrativeExpenses": 7985000000,
        "sellingAndMarketingExpenses": 0,
        "sellingGeneralAndAdministrativeExpenses": 2354000000,
        "otherExpenses": 769000000,
        "operatingExpenses": 3123000000,
        "costAndExpenses": 9232000000,
        "interestIncome": 5000000,
        "interestExpense": 278000000,
        "depreciationAndAmortization": 769000000,
        "ebitda": 2327000000,
        "ebitdaratio": 0.2160631383472609,
        "operatingIncome": 1544000000,
        "operatingIncomeRatio": 0.14336118848653667,
        "totalOtherIncomeExpensesNet": -298000000,
        "incomeBeforeTax": 1246000000,
        "incomeBeforeTaxRatio": 0.11569173630454968,
        "incomeTaxExpense": 146000000,
        "netIncome": 1134000000,
        "netIncomeRatio": 0.1052924791086351,
        "eps": 4.62,
        "epsdiluted": 4.59,
        "weightedAverageShsOut": 245200000,
        "weightedAverageShsOutDil": 247000000,
        "link": "https://www.sec.gov/Archives/edgar/data/315293/000162828019001558/0001628280-19-001558-index.html",
        "finalLink": "https://www.sec.gov/Archives/edgar/data/315293/000162828019001558/aonplc201810-k.htm"
    },
    {
        "date": "2017-12-31",
        "symbol": "AON",
        "reportedCurrency": "USD",
        "cik": "0000315293",
        "fillingDate": "2018-02-20",
        "acceptedDate": "2018-02-20 17:30:16",
        "calendarYear": "2017",
        "period": "FY",
        "revenue": 9998000000,
        "costOfRevenue": 0,
        "grossProfit": 0,
        "grossProfitRatio": 1,
        "researchAndDevelopmentExpenses": 0,
        "generalAndAdministrativeExpenses": 8042000000,
        "sellingAndMarketingExpenses": 0,
        "sellingGeneralAndAdministrativeExpenses": 2039000000,
        "otherExpenses": 891000000,
        "operatingExpenses": 2930000000,
        "costAndExpenses": 8949000000,
        "interestIncome": 27000000,
        "interestExpense": 282000000,
        "depreciationAndAmortization": 891000000,
        "ebitda": 2649000000,
        "ebitdaratio": 0.2649529905981196,
        "operatingIncome": 979000000,
        "operatingIncomeRatio": 0.09791958391678336,
        "totalOtherIncomeExpensesNet": -294000000,
        "incomeBeforeTax": 685000000,
        "incomeBeforeTaxRatio": 0.0685137027405481,
        "incomeTaxExpense": 250000000,
        "netIncome": 1226000000,
        "netIncomeRatio": 0.12262452490498099,
        "eps": 4.74,
        "epsdiluted": 4.7,
        "weightedAverageShsOut": 258500000,
        "weightedAverageShsOutDil": 260700000,
        "link": "https://www.sec.gov/Archives/edgar/data/315293/000162828018001923/0001628280-18-001923-index.html",
        "finalLink": "https://www.sec.gov/Archives/edgar/data/315293/000162828018001923/aonplc201710-k.htm"
    },
    {
        "date": "2016-12-31",
        "symbol": "AON",
        "reportedCurrency": "USD",
        "cik": "0000315293",
        "fillingDate": "2017-02-23",
        "acceptedDate": "2017-02-23 16:32:21",
        "calendarYear": "2016",
        "period": "FY",
        "revenue": 9409000000,
        "costOfRevenue": 0,
        "grossProfit": 0,
        "grossProfitRatio": 1,
        "researchAndDevelopmentExpenses": 0,
        "generalAndAdministrativeExpenses": 7279000000,
        "sellingAndMarketingExpenses": 0,
        "sellingGeneralAndAdministrativeExpenses": 2807000000,
        "otherExpenses": 0,
        "operatingExpenses": 2807000000,
        "costAndExpenses": 7559000000,
        "interestIncome": 9000000,
        "interestExpense": 282000000,
        "depreciationAndAmortization": 509000000,
        "ebitda": 2426000000,
        "ebitdaratio": 0.257838239982995,
        "operatingIncome": 1906000000,
        "operatingIncomeRatio": 0.20257200552662344,
        "totalOtherIncomeExpensesNet": -505000000,
        "incomeBeforeTax": 1401000000,
        "incomeBeforeTaxRatio": 0.14889998937187798,
        "incomeTaxExpense": 239000000,
        "netIncome": 1396000000,
        "netIncomeRatio": 0.14836858327133595,
        "eps": 5.21,
        "epsdiluted": 5.16,
        "weightedAverageShsOut": 267946257,
        "weightedAverageShsOutDil": 270300000,
        "link": "https://www.sec.gov/Archives/edgar/data/315293/000162828017001652/0001628280-17-001652-index.html",
        "finalLink": "https://www.sec.gov/Archives/edgar/data/315293/000162828017001652/aonplc201610-k.htm"
    },
    {
        "date": "2015-12-31",
        "symbol": "AON",
        "reportedCurrency": "USD",
        "cik": "0000315293",
        "fillingDate": "2016-02-22",
        "acceptedDate": "2016-02-22 16:42:34",
        "calendarYear": "2015",
        "period": "FY",
        "revenue": 9480000000,
        "costOfRevenue": 0,
        "grossProfit": 0,
        "grossProfitRatio": 1,
        "researchAndDevelopmentExpenses": 0,
        "generalAndAdministrativeExpenses": 7556000000,
        "sellingAndMarketingExpenses": 0,
        "sellingGeneralAndAdministrativeExpenses": 2997000000,
        "otherExpenses": 0,
        "operatingExpenses": 2997000000,
        "costAndExpenses": 7811000000,
        "interestIncome": 14000000,
        "interestExpense": 273000000,
        "depreciationAndAmortization": 543000000,
        "ebitda": 2468000000,
        "ebitdaratio": 0.26033755274261605,
        "operatingIncome": 1848000000,
        "operatingIncomeRatio": 0.1949367088607595,
        "totalOtherIncomeExpensesNet": -420000000,
        "incomeBeforeTax": 1428000000,
        "incomeBeforeTaxRatio": 0.15063291139240506,
        "incomeTaxExpense": 267000000,
        "netIncome": 1385000000,
        "netIncomeRatio": 0.1460970464135021,
        "eps": 4.93,
        "epsdiluted": 4.88,
        "weightedAverageShsOut": 280933063,
        "weightedAverageShsOutDil": 283800000,
        "link": "https://www.sec.gov/Archives/edgar/data/315293/000162828016011485/0001628280-16-011485-index.html",
        "finalLink": "https://www.sec.gov/Archives/edgar/data/315293/000162828016011485/aonplc201510-k.htm"
    },
    {
        "date": "2014-12-31",
        "symbol": "AON",
        "reportedCurrency": "USD",
        "cik": "0000315293",
        "fillingDate": "2015-02-24",
        "acceptedDate": "2015-02-23 18:02:59",
        "calendarYear": "2014",
        "period": "FY",
        "revenue": 12045000000,
        "costOfRevenue": 0,
        "grossProfit": 0,
        "grossProfitRatio": 1,
        "researchAndDevelopmentExpenses": 0,
        "generalAndAdministrativeExpenses": 10079000000,
        "sellingAndMarketingExpenses": 0,
        "sellingGeneralAndAdministrativeExpenses": 3065000000,
        "otherExpenses": 0,
        "operatingExpenses": 3065000000,
        "costAndExpenses": 10055000000,
        "interestIncome": 10000000,
        "interestExpense": 255000000,
        "depreciationAndAmortization": 594000000,
        "ebitda": 2580000000,
        "ebitdaratio": 0.21419676214196762,
        "operatingIncome": 1966000000,
        "operatingIncomeRatio": 0.16322125363221254,
        "totalOtherIncomeExpensesNet": -201000000,
        "incomeBeforeTax": 1765000000,
        "incomeBeforeTaxRatio": 0.14653383146533833,
        "incomeTaxExpense": 334000000,
        "netIncome": 1397000000,
        "netIncomeRatio": 0.11598173515981736,
        "eps": 4.73,
        "epsdiluted": 4.66,
        "weightedAverageShsOut": 295348837,
        "weightedAverageShsOutDil": 299600000,
        "link": "https://www.sec.gov/Archives/edgar/data/315293/000162828015000950/aonplc201410-k.htm",
        "finalLink": "https://www.sec.gov/Archives/edgar/data/315293/000162828015000950/aonplc201410-k.htm"
    },
    {
        "date": "2013-12-31",
        "symbol": "AON",
        "reportedCurrency": "USD",
        "cik": "0000315293",
        "fillingDate": "2014-02-18",
        "acceptedDate": "2014-02-18 17:15:50",
        "calendarYear": "2013",
        "period": "FY",
        "revenue": 11815000000,
        "costOfRevenue": 0,
        "grossProfit": 0,
        "grossProfitRatio": 1,
        "researchAndDevelopmentExpenses": 0,
        "generalAndAdministrativeExpenses": 10144000000,
        "sellingAndMarketingExpenses": 0,
        "sellingGeneralAndAdministrativeExpenses": 3199000000,
        "otherExpenses": 0,
        "operatingExpenses": 3199000000,
        "costAndExpenses": 10134000000,
        "interestIncome": 9000000,
        "interestExpense": 210000000,
        "depreciationAndAmortization": 635000000,
        "ebitda": 2348000000,
        "ebitdaratio": 0.19873042742276767,
        "operatingIncome": 1671000000,
        "operatingIncomeRatio": 0.14143038510368175,
        "totalOtherIncomeExpensesNet": -133000000,
        "incomeBeforeTax": 1538000000,
        "incomeBeforeTaxRatio": 0.13017350825222176,
        "incomeTaxExpense": 390000000,
        "netIncome": 1113000000,
        "netIncomeRatio": 0.09420228523063902,
        "eps": 3.57,
        "epsdiluted": 3.53,
        "weightedAverageShsOut": 311764706,
        "weightedAverageShsOutDil": 315400000,
        "link": "https://www.sec.gov/Archives/edgar/data/315293/000144530514000476/aonplc201310-k.htm",
        "finalLink": "https://www.sec.gov/Archives/edgar/data/315293/000144530514000476/aonplc201310-k.htm"
    },
    {
        "date": "2012-12-31",
        "symbol": "AON",
        "reportedCurrency": "USD",
        "cik": "0000315293",
        "fillingDate": "2013-02-22",
        "acceptedDate": "2013-02-22 16:06:50",
        "calendarYear": "2012",
        "period": "FY",
        "revenue": 11514000000,
        "costOfRevenue": 0,
        "grossProfit": 0,
        "grossProfitRatio": 1,
        "researchAndDevelopmentExpenses": 0,
        "generalAndAdministrativeExpenses": 9918000000,
        "sellingAndMarketingExpenses": 0,
        "sellingGeneralAndAdministrativeExpenses": 3209000000,
        "otherExpenses": 0,
        "operatingExpenses": 3209000000,
        "costAndExpenses": 9918000000,
        "interestIncome": 10000000,
        "interestExpense": 228000000,
        "depreciationAndAmortization": 655000000,
        "ebitda": 2236000000,
        "ebitdaratio": 0.19419836720514155,
        "operatingIncome": 1596000000,
        "operatingIncomeRatio": 0.13861386138613863,
        "totalOtherIncomeExpensesNet": -215000000,
        "incomeBeforeTax": 1381000000,
        "incomeBeforeTaxRatio": 0.11994094146256731,
        "incomeTaxExpense": 360000000,
        "netIncome": 993000000,
        "netIncomeRatio": 0.08624283480979678,
        "eps": 3.03,
        "epsdiluted": 2.99,
        "weightedAverageShsOut": 327722772,
        "weightedAverageShsOutDil": 332600000,
        "link": "https://www.sec.gov/Archives/edgar/data/315293/000104746913001494/0001047469-13-001494-index.html",
        "finalLink": "https://www.sec.gov/Archives/edgar/data/315293/000104746913001494/a2212713z10-k.htm"
    },
    {
        "date": "2011-12-31",
        "symbol": "AON",
        "reportedCurrency": "USD",
        "cik": "0000315293",
        "fillingDate": "2012-02-24",
        "acceptedDate": "2012-02-24 16:47:56",
        "calendarYear": "2011",
        "period": "FY",
        "revenue": 11287000000,
        "costOfRevenue": 0,
        "grossProfit": 0,
        "grossProfitRatio": 1,
        "researchAndDevelopmentExpenses": 0,
        "generalAndAdministrativeExpenses": 9681000000,
        "sellingAndMarketingExpenses": 0,
        "sellingGeneralAndAdministrativeExpenses": 9681000000,
        "otherExpenses": 0,
        "operatingExpenses": 9681000000,
        "costAndExpenses": 9700000000,
        "interestIncome": 18000000,
        "interestExpense": 245000000,
        "depreciationAndAmortization": 582000000,
        "ebitda": 2184000000,
        "ebitdaratio": 0.1934969433861965,
        "operatingIncome": 1606000000,
        "operatingIncomeRatio": 0.14228758749003279,
        "totalOtherIncomeExpensesNet": -222000000,
        "incomeBeforeTax": 1384000000,
        "incomeBeforeTaxRatio": 0.1226189421458315,
        "incomeTaxExpense": 378000000,
        "netIncome": 979000000,
        "netIncomeRatio": 0.08673695401789669,
        "eps": 2.92,
        "epsdiluted": 2.87,
        "weightedAverageShsOut": 335500000,
        "weightedAverageShsOutDil": 340900000,
        "link": "https://www.sec.gov/Archives/edgar/data/315293/000104746912001478/0001047469-12-001478-index.html",
        "finalLink": "https://www.sec.gov/Archives/edgar/data/315293/000104746912001478/a2207295z10-k.htm"
    },
    {
        "date": "2010-12-31",
        "symbol": "AON",
        "reportedCurrency": "USD",
        "cik": "0000315293",
        "fillingDate": "2011-02-25",
        "acceptedDate": "2011-02-25 17:20:56",
        "calendarYear": "2010",
        "period": "FY",
        "revenue": 8512000000,
        "costOfRevenue": 0,
        "grossProfit": 0,
        "grossProfitRatio": 1,
        "researchAndDevelopmentExpenses": 0,
        "generalAndAdministrativeExpenses": 7286000000,
        "sellingAndMarketingExpenses": 0,
        "sellingGeneralAndAdministrativeExpenses": 7286000000,
        "otherExpenses": 0,
        "operatingExpenses": 7286000000,
        "costAndExpenses": 7294000000,
        "interestIncome": 15000000,
        "interestExpense": 182000000,
        "depreciationAndAmortization": 305000000,
        "ebitda": 1493000000,
        "ebitdaratio": 0.17539943609022557,
        "operatingIncome": 1226000000,
        "operatingIncomeRatio": 0.14403195488721804,
        "totalOtherIncomeExpensesNet": -167000000,
        "incomeBeforeTax": 1059000000,
        "incomeBeforeTaxRatio": 0.1244125939849624,
        "incomeTaxExpense": 300000000,
        "netIncome": 706000000,
        "netIncomeRatio": 0.08294172932330827,
        "eps": 2.41,
        "epsdiluted": 2.37,
        "weightedAverageShsOut": 292946058,
        "weightedAverageShsOutDil": 298100000,
        "link": "https://www.sec.gov/Archives/edgar/data/315293/000104746911001427/a2202065z10-k.htm",
        "finalLink": "https://www.sec.gov/Archives/edgar/data/315293/000104746911001427/a2202065z10-k.htm"
    },
    {
        "date": "2009-12-31",
        "symbol": "AON",
        "reportedCurrency": "USD",
        "cik": "0000315293",
        "fillingDate": "2010-02-26",
        "acceptedDate": "2010-02-26 16:16:58",
        "calendarYear": "2009",
        "period": "FY",
        "revenue": 7595000000,
        "costOfRevenue": 0,
        "grossProfit": 0,
        "grossProfitRatio": 1,
        "researchAndDevelopmentExpenses": 0,
        "generalAndAdministrativeExpenses": 6332000000,
        "sellingAndMarketingExpenses": 0,
        "sellingGeneralAndAdministrativeExpenses": 6574000000,
        "otherExpenses": 0,
        "operatingExpenses": 6574000000,
        "costAndExpenses": 6574000000,
        "interestIncome": 30000000,
        "interestExpense": 122000000,
        "depreciationAndAmortization": 242000000,
        "ebitda": 1379000000,
        "ebitdaratio": 0.1815668202764977,
        "operatingIncome": 1021000000,
        "operatingIncomeRatio": 0.13443054641211324,
        "totalOtherIncomeExpensesNet": -72000000,
        "incomeBeforeTax": 949000000,
        "incomeBeforeTaxRatio": 0.12495062541145491,
        "incomeTaxExpense": 268000000,
        "netIncome": 747000000,
        "netIncomeRatio": 0.09835418038183015,
        "eps": 2.64,
        "epsdiluted": 2.57,
        "weightedAverageShsOut": 282954545,
        "weightedAverageShsOutDil": 291100000,
        "link": "https://www.sec.gov/Archives/edgar/data/315293/000104746910001535/0001047469-10-001535-index.html",
        "finalLink": "https://www.sec.gov/Archives/edgar/data/315293/000104746910001535/a2196344z10-k.htm"
    },
    {
        "date": "2008-12-31",
        "symbol": "AON",
        "reportedCurrency": "USD",
        "cik": "0000315293",
        "fillingDate": "2009-03-02",
        "acceptedDate": "2009-03-02 16:27:42",
        "calendarYear": "2008",
        "period": "FY",
        "revenue": 7631000000,
        "costOfRevenue": 0,
        "grossProfit": 0,
        "grossProfitRatio": 1,
        "researchAndDevelopmentExpenses": 0,
        "generalAndAdministrativeExpenses": 6381000000,
        "sellingAndMarketingExpenses": 0,
        "sellingGeneralAndAdministrativeExpenses": 6381000000,
        "otherExpenses": 222000000,
        "operatingExpenses": 6603000000,
        "costAndExpenses": 6603000000,
        "interestIncome": 0,
        "interestExpense": -126000000,
        "depreciationAndAmortization": 222000000,
        "ebitda": 1800000000,
        "ebitdaratio": 0.23587996330756125,
        "operatingIncome": 1028000000,
        "operatingIncomeRatio": 0.13471366793342943,
        "totalOtherIncomeExpensesNet": -165000000,
        "incomeBeforeTax": 863000000,
        "incomeBeforeTaxRatio": 0.11309133796356965,
        "incomeTaxExpense": 242000000,
        "netIncome": 1462000000,
        "netIncomeRatio": 0.19158694797536366,
        "eps": 5.18,
        "epsdiluted": 4.91,
        "weightedAverageShsOut": 285328185,
        "weightedAverageShsOutDil": 300900000,
        "link": "https://www.sec.gov/Archives/edgar/data/315293/000104746909002122/0001047469-09-002122-index.html",
        "finalLink": "https://www.sec.gov/Archives/edgar/data/315293/000104746909002122/a2190823z10-k.htm"
    },
    {
        "date": "2007-12-31",
        "symbol": "AON",
        "reportedCurrency": "USD",
        "cik": "0000315293",
        "fillingDate": "2008-02-28",
        "acceptedDate": "2008-02-28 16:42:26",
        "calendarYear": "2007",
        "period": "FY",
        "revenue": 7471000000,
        "costOfRevenue": 0,
        "grossProfit": 0,
        "grossProfitRatio": 1,
        "researchAndDevelopmentExpenses": 0,
        "generalAndAdministrativeExpenses": 6114000000,
        "sellingAndMarketingExpenses": 0,
        "sellingGeneralAndAdministrativeExpenses": 6114000000,
        "otherExpenses": 194000000,
        "operatingExpenses": 6308000000,
        "costAndExpenses": 6309000000,
        "interestIncome": 0,
        "interestExpense": -138000000,
        "depreciationAndAmortization": 205000000,
        "ebitda": 1283000000,
        "ebitdaratio": 0.17173069200910185,
        "operatingIncome": 1163000000,
        "operatingIncomeRatio": 0.15566858519609156,
        "totalOtherIncomeExpensesNet": -139000000,
        "incomeBeforeTax": 1024000000,
        "incomeBeforeTaxRatio": 0.13706331147102127,
        "incomeTaxExpense": 352000000,
        "netIncome": 864000000,
        "netIncomeRatio": 0.11564716905367421,
        "eps": 2.9,
        "epsdiluted": 2.69,
        "weightedAverageShsOut": 298000000,
        "weightedAverageShsOutDil": 323000000,
        "link": "https://www.sec.gov/Archives/edgar/data/315293/000104746908001929/a2182853z10-k.htm",
        "finalLink": "https://www.sec.gov/Archives/edgar/data/315293/000104746908001929/a2182853z10-k.htm"
    },
    {
        "date": "2006-12-31",
        "symbol": "AON",
        "reportedCurrency": "USD",
        "cik": "0000315293",
        "fillingDate": "2007-03-01",
        "acceptedDate": "2007-03-01 17:18:36",
        "calendarYear": "2006",
        "period": "FY",
        "revenue": 8954000000,
        "costOfRevenue": 0,
        "grossProfit": 0,
        "grossProfitRatio": 1,
        "researchAndDevelopmentExpenses": 0,
        "generalAndAdministrativeExpenses": 7665000000,
        "sellingAndMarketingExpenses": 0,
        "sellingGeneralAndAdministrativeExpenses": 6523000000,
        "otherExpenses": 1379000000,
        "operatingExpenses": 7902000000,
        "costAndExpenses": 7905000000,
        "interestIncome": 0,
        "interestExpense": -277000000,
        "depreciationAndAmortization": 201000000,
        "ebitda": 967000000,
        "ebitdaratio": 0.10799642617824436,
        "operatingIncome": 1049000000,
        "operatingIncomeRatio": 0.1171543444270717,
        "totalOtherIncomeExpensesNet": -129000000,
        "incomeBeforeTax": 920000000,
        "incomeBeforeTaxRatio": 0.1027473754746482,
        "incomeTaxExpense": 323000000,
        "netIncome": 720000000,
        "netIncomeRatio": 0.0804109895018986,
        "eps": 2.27,
        "epsdiluted": 2.13,
        "weightedAverageShsOut": 317180617,
        "weightedAverageShsOutDil": 342100000,
        "link": "https://www.sec.gov/Archives/edgar/data/315293/000104746907001537/a2176366z10-k.htm",
        "finalLink": "https://www.sec.gov/Archives/edgar/data/315293/000104746907001537/a2176366z10-k.htm"
    },
    {
        "date": "2005-12-31",
        "symbol": "AON",
        "reportedCurrency": "USD",
        "cik": "0000315293",
        "fillingDate": "2006-03-09",
        "acceptedDate": "2006-03-09 16:53:35",
        "calendarYear": "2005",
        "period": "FY",
        "revenue": 9837000000,
        "costOfRevenue": 0,
        "grossProfit": 0,
        "grossProfitRatio": 1,
        "researchAndDevelopmentExpenses": 0,
        "generalAndAdministrativeExpenses": 8465000000,
        "sellingAndMarketingExpenses": 0,
        "sellingGeneralAndAdministrativeExpenses": 6914000000,
        "otherExpenses": 1828000000,
        "operatingExpenses": 8742000000,
        "costAndExpenses": 8747000000,
        "interestIncome": 0,
        "interestExpense": -125000000,
        "depreciationAndAmortization": 346000000,
        "ebitda": 1281000000,
        "ebitdaratio": 0.13022262885025923,
        "operatingIncome": 1090000000,
        "operatingIncomeRatio": 0.11080614008335875,
        "totalOtherIncomeExpensesNet": -125000000,
        "incomeBeforeTax": 965000000,
        "incomeBeforeTaxRatio": 0.09809901392701027,
        "incomeTaxExpense": 323000000,
        "netIncome": 737000000,
        "netIncomeRatio": 0.07492121581783064,
        "eps": 2.28,
        "epsdiluted": 2.17,
        "weightedAverageShsOut": 322368421,
        "weightedAverageShsOutDil": 341500000,
        "link": "https://www.sec.gov/Archives/edgar/data/315293/000104746906003130/a2167992z10-k.htm",
        "finalLink": "https://www.sec.gov/Archives/edgar/data/315293/000104746906003130/a2167992z10-k.htm"
    },
    {
        "date": "2004-12-31",
        "symbol": "AON",
        "reportedCurrency": "USD",
        "cik": "0000315293",
        "fillingDate": "2005-03-16",
        "acceptedDate": "2005-03-15 18:52:18",
        "calendarYear": "2004",
        "period": "FY",
        "revenue": 10172000000,
        "costOfRevenue": 0,
        "grossProfit": 0,
        "grossProfitRatio": 1,
        "researchAndDevelopmentExpenses": 0,
        "generalAndAdministrativeExpenses": 8922000000,
        "sellingAndMarketingExpenses": 0,
        "sellingGeneralAndAdministrativeExpenses": 7406000000,
        "otherExpenses": 1570000000,
        "operatingExpenses": 8976000000,
        "costAndExpenses": 9156000000,
        "interestIncome": 0,
        "interestExpense": -136000000,
        "depreciationAndAmortization": 309000000,
        "ebitda": 1022000000,
        "ebitdaratio": 0.10047188360204483,
        "operatingIncome": 1016000000,
        "operatingIncomeRatio": 0.09988202909948879,
        "totalOtherIncomeExpensesNet": -136000000,
        "incomeBeforeTax": 880000000,
        "incomeBeforeTaxRatio": 0.08651199370821865,
        "incomeTaxExpense": 303000000,
        "netIncome": 546000000,
        "netIncomeRatio": 0.05367675973259929,
        "eps": 1.7,
        "epsdiluted": 1.63,
        "weightedAverageShsOut": 319411765,
        "weightedAverageShsOutDil": 336600000,
        "link": "https://www.sec.gov/Archives/edgar/data/315293/000104746905006608/a2152901z10-k.htm",
        "finalLink": "https://www.sec.gov/Archives/edgar/data/315293/000104746905006608/a2152901z10-k.htm"
    },
    {
        "date": "2003-12-31",
        "symbol": "AON",
        "reportedCurrency": "USD",
        "cik": "0000315293",
        "fillingDate": "2004-03-11",
        "acceptedDate": "2004-03-11 16:58:14",
        "calendarYear": "2003",
        "period": "FY",
        "revenue": 9810000000,
        "costOfRevenue": 0,
        "grossProfit": 0,
        "grossProfitRatio": 1,
        "researchAndDevelopmentExpenses": 0,
        "generalAndAdministrativeExpenses": 8550000000,
        "sellingAndMarketingExpenses": 0,
        "sellingGeneralAndAdministrativeExpenses": 7123000000,
        "otherExpenses": 1490000000,
        "operatingExpenses": 8613000000,
        "costAndExpenses": 8599000000,
        "interestIncome": 0,
        "interestExpense": -101000000,
        "depreciationAndAmortization": 314000000,
        "ebitda": 1252000000,
        "ebitdaratio": 0.12762487257900101,
        "operatingIncome": 1211000000,
        "operatingIncomeRatio": 0.12344546381243629,
        "totalOtherIncomeExpensesNet": -101000000,
        "incomeBeforeTax": 1110000000,
        "incomeBeforeTaxRatio": 0.11314984709480122,
        "incomeTaxExpense": 411000000,
        "netIncome": 628000000,
        "netIncomeRatio": 0.06401630988786952,
        "eps": 1.97,
        "epsdiluted": 1.97,
        "weightedAverageShsOut": 317258883,
        "weightedAverageShsOutDil": 317800000,
        "link": "https://www.sec.gov/Archives/edgar/data/315293/000104746904007513/a2129818z10-k.htm",
        "finalLink": "https://www.sec.gov/Archives/edgar/data/315293/000104746904007513/a2129818z10-k.htm"
    },
    {
        "date": "2002-12-31",
        "symbol": "AON",
        "reportedCurrency": "USD",
        "cik": "0000315293",
        "fillingDate": "2003-03-26",
        "acceptedDate": "2003-03-26 13:59:22",
        "calendarYear": "2002",
        "period": "FY",
        "revenue": 8822000000,
        "costOfRevenue": 0,
        "grossProfit": 0,
        "grossProfitRatio": 1,
        "researchAndDevelopmentExpenses": 0,
        "generalAndAdministrativeExpenses": 7880000000,
        "sellingAndMarketingExpenses": 0,
        "sellingGeneralAndAdministrativeExpenses": 6505000000,
        "otherExpenses": 1400000000,
        "operatingExpenses": 7905000000,
        "costAndExpenses": 7905000000,
        "interestIncome": 0,
        "interestExpense": -124000000,
        "depreciationAndAmortization": 263000000,
        "ebitda": 898000000,
        "ebitdaratio": 0.1017909771026978,
        "operatingIncome": 917000000,
        "operatingIncomeRatio": 0.1039446837451825,
        "totalOtherIncomeExpensesNet": -124000000,
        "incomeBeforeTax": 793000000,
        "incomeBeforeTaxRatio": 0.08988891407844027,
        "incomeTaxExpense": 293000000,
        "netIncome": 466000000,
        "netIncomeRatio": 0.05282248923146679,
        "eps": 1.65,
        "epsdiluted": 1.64,
        "weightedAverageShsOut": 280606061,
        "weightedAverageShsOutDil": 282600000,
        "link": "https://www.sec.gov/Archives/edgar/data/315293/000104746903010294/a2106480z10-k.htm",
        "finalLink": "https://www.sec.gov/Archives/edgar/data/315293/000104746903010294/a2106480z10-k.htm"
    },
    {
        "date": "2001-12-31",
        "symbol": "AON",
        "reportedCurrency": "USD",
        "cik": "0000315293",
        "fillingDate": "2002-03-15",
        "acceptedDate": "2002-03-15 00:00:00",
        "calendarYear": "2001",
        "period": "FY",
        "revenue": 7676000000,
        "costOfRevenue": 0,
        "grossProfit": 0,
        "grossProfitRatio": 0,
        "researchAndDevelopmentExpenses": 0,
        "generalAndAdministrativeExpenses": 6924000000,
        "sellingAndMarketingExpenses": 0,
        "sellingGeneralAndAdministrativeExpenses": 5813000000,
        "otherExpenses": 1337000000,
        "operatingExpenses": 7150000000,
        "costAndExpenses": 7150000000,
        "interestIncome": 0,
        "interestExpense": -127000000,
        "depreciationAndAmortization": 339000000,
        "ebitda": 571000000,
        "ebitdaratio": 0.07438770192808755,
        "operatingIncome": 526000000,
        "operatingIncomeRatio": 0.06852527357998958,
        "totalOtherIncomeExpensesNet": -127000000,
        "incomeBeforeTax": 399000000,
        "incomeBeforeTaxRatio": 0.05198019801980198,
        "incomeTaxExpense": 156000000,
        "netIncome": 203000000,
        "netIncomeRatio": 0.0264460656591975,
        "eps": 0.74,
        "epsdiluted": 0.73,
        "weightedAverageShsOut": 270270270,
        "weightedAverageShsOutDil": 272400000,
        "link": "https://www.sec.gov/Archives/edgar/data/315293/000094857202000008/0000948572-02-000008-index.html",
        "finalLink": "https://www.sec.gov/Archives/edgar/data/315293/000094857202000008/b10kdec2002.txt"
    },
    {
        "date": "2000-12-31",
        "symbol": "AON",
        "reportedCurrency": "USD",
        "cik": "0000315293",
        "fillingDate": "2001-03-27",
        "acceptedDate": "2001-03-27 00:00:00",
        "calendarYear": "2000",
        "period": "FY",
        "revenue": 7375000000,
        "costOfRevenue": 0,
        "grossProfit": 0,
        "grossProfitRatio": 0,
        "researchAndDevelopmentExpenses": 0,
        "generalAndAdministrativeExpenses": 6227000000,
        "sellingAndMarketingExpenses": 0,
        "sellingGeneralAndAdministrativeExpenses": 5190000000,
        "otherExpenses": 1191000000,
        "operatingExpenses": 6381000000,
        "costAndExpenses": 6381000000,
        "interestIncome": 0,
        "interestExpense": -140000000,
        "depreciationAndAmortization": 333000000,
        "ebitda": 1000000000,
        "ebitdaratio": 0.13559322033898305,
        "operatingIncome": 994000000,
        "operatingIncomeRatio": 0.13477966101694916,
        "totalOtherIncomeExpensesNet": -140000000,
        "incomeBeforeTax": 854000000,
        "incomeBeforeTaxRatio": 0.11579661016949153,
        "incomeTaxExpense": 333000000,
        "netIncome": 474000000,
        "netIncomeRatio": 0.06427118644067796,
        "eps": 1.81,
        "epsdiluted": 1.79,
        "weightedAverageShsOut": 260220994,
        "weightedAverageShsOutDil": 263000000,
        "link": "https://www.sec.gov/Archives/edgar/data/315293/000094857201000011/0000948572-01-000011-index.html",
        "finalLink": "https://www.sec.gov/Archives/edgar/data/315293/000094857201000011/0000948572-01-000011-0001.txt"
    },
    {
        "date": "1999-12-31",
        "symbol": "AON",
        "reportedCurrency": "USD",
        "cik": "0000315293",
        "fillingDate": "1999-12-31",
        "acceptedDate": "1999-12-30 19:00:00",
        "calendarYear": "1999",
        "period": "FY",
        "revenue": 7070000000,
        "costOfRevenue": 0,
        "grossProfit": 0,
        "grossProfitRatio": 0,
        "researchAndDevelopmentExpenses": 0,
        "generalAndAdministrativeExpenses": 6187000000,
        "sellingAndMarketingExpenses": 0,
        "sellingGeneralAndAdministrativeExpenses": 5214000000,
        "otherExpenses": 1116000000,
        "operatingExpenses": 6330000000,
        "costAndExpenses": 6330000000,
        "interestIncome": 0,
        "interestExpense": -105000000,
        "depreciationAndAmortization": 355000000,
        "ebitda": 845000000,
        "ebitdaratio": 0.11951909476661952,
        "operatingIncome": 740000000,
        "operatingIncomeRatio": 0.10466760961810467,
        "totalOtherIncomeExpensesNet": -105000000,
        "incomeBeforeTax": 635000000,
        "incomeBeforeTaxRatio": 0.08981612446958982,
        "incomeTaxExpense": 243000000,
        "netIncome": 352000000,
        "netIncomeRatio": 0.04978783592644979,
        "eps": 1.35,
        "epsdiluted": 1.33,
        "weightedAverageShsOut": 258518519,
        "weightedAverageShsOutDil": 262700000,
        "link": "",
        "finalLink": ""
    },
    {
        "date": "1998-12-31",
        "symbol": "AON",
        "reportedCurrency": "USD",
        "cik": "0000315293",
        "fillingDate": "1998-12-31",
        "acceptedDate": "1998-12-30 19:00:00",
        "calendarYear": "1998",
        "period": "FY",
        "revenue": 6493000000,
        "costOfRevenue": 0,
        "grossProfit": 0,
        "grossProfitRatio": 0,
        "researchAndDevelopmentExpenses": 0,
        "generalAndAdministrativeExpenses": 5353000000,
        "sellingAndMarketingExpenses": 0,
        "sellingGeneralAndAdministrativeExpenses": 4457000000,
        "otherExpenses": 1018000000,
        "operatingExpenses": 5475000000,
        "costAndExpenses": 5475000000,
        "interestIncome": 0,
        "interestExpense": -87000000,
        "depreciationAndAmortization": 268000000,
        "ebitda": 1071000000,
        "ebitdaratio": 0.16494686585553672,
        "operatingIncome": 1018000000,
        "operatingIncomeRatio": 0.15678422916987525,
        "totalOtherIncomeExpensesNet": -87000000,
        "incomeBeforeTax": 931000000,
        "incomeBeforeTaxRatio": 0.14338518404435546,
        "incomeTaxExpense": 349000000,
        "netIncome": 541000000,
        "netIncomeRatio": 0.08332049899892191,
        "eps": 2.106667,
        "epsdiluted": 2.073333,
        "weightedAverageShsOut": 255379747,
        "weightedAverageShsOutDil": 259350000,
        "link": "",
        "finalLink": ""
    },
    {
        "date": "1997-12-31",
        "symbol": "AON",
        "reportedCurrency": "USD",
        "cik": "0000315293",
        "fillingDate": "1998-03-31",
        "acceptedDate": "1998-03-31 00:00:00",
        "calendarYear": "1997",
        "period": "FY",
        "revenue": 5750000000,
        "costOfRevenue": 0,
        "grossProfit": 0,
        "grossProfitRatio": 0,
        "researchAndDevelopmentExpenses": 0,
        "generalAndAdministrativeExpenses": 4811000000,
        "sellingAndMarketingExpenses": 0,
        "sellingGeneralAndAdministrativeExpenses": 3968300000,
        "otherExpenses": 963000000,
        "operatingExpenses": 4931300000,
        "costAndExpenses": 5140000000,
        "interestIncome": 0,
        "interestExpense": -70000000,
        "depreciationAndAmortization": 241200000,
        "ebitda": 673200000,
        "ebitdaratio": 0.11707826086956521,
        "operatingIncome": 611100000,
        "operatingIncomeRatio": 0.10627826086956521,
        "totalOtherIncomeExpensesNet": -69100000,
        "incomeBeforeTax": 542000000,
        "incomeBeforeTaxRatio": 0.0942608695652174,
        "incomeTaxExpense": 203000000,
        "netIncome": 299000000,
        "netIncomeRatio": 0.052,
        "eps": 1.14,
        "epsdiluted": 1.12,
        "weightedAverageShsOut": 251929825,
        "weightedAverageShsOutDil": 255750000,
        "link": "https://www.sec.gov/Archives/edgar/data/315293/000094857298000011/0000948572-98-000011-index.html",
        "finalLink": "https://www.sec.gov/Archives/edgar/data/315293/0000948572-98-000011.txt"
    },
    {
        "date": "1996-12-31",
        "symbol": "AON",
        "reportedCurrency": "USD",
        "cik": "0000315293",
        "fillingDate": "1997-03-26",
        "acceptedDate": "1997-03-26 00:00:00",
        "calendarYear": "1996",
        "period": "FY",
        "revenue": 3889000000,
        "costOfRevenue": 0,
        "grossProfit": 0,
        "grossProfitRatio": 0,
        "researchAndDevelopmentExpenses": 0,
        "generalAndAdministrativeExpenses": 3118000000,
        "sellingAndMarketingExpenses": 0,
        "sellingGeneralAndAdministrativeExpenses": 2328600000,
        "otherExpenses": 866000000,
        "operatingExpenses": 3194600000,
        "costAndExpenses": 3403000000,
        "interestIncome": 0,
        "interestExpense": -40000000,
        "depreciationAndAmortization": 144000000,
        "ebitda": 593000000,
        "ebitdaratio": 0.15248135767549498,
        "operatingIncome": 485700000,
        "operatingIncomeRatio": 0.12489071740807406,
        "totalOtherIncomeExpensesNet": -39700000,
        "incomeBeforeTax": 446000000,
        "incomeBeforeTaxRatio": 0.11468243764463873,
        "incomeTaxExpense": 154000000,
        "netIncome": 335000000,
        "netIncomeRatio": 0.08614039598868604,
        "eps": 1.275556,
        "epsdiluted": 1.275556,
        "weightedAverageShsOut": 248048780,
        "weightedAverageShsOutDil": 248048780,
        "link": "https://www.sec.gov/Archives/edgar/data/315293/000094857297000010/0000948572-97-000010-index.html",
        "finalLink": "https://www.sec.gov/Archives/edgar/data/315293/0000948572-97-000010.txt"
    },
    {
        "date": "1995-12-31",
        "symbol": "AON",
        "reportedCurrency": "USD",
        "cik": "0000315293",
        "fillingDate": "1995-12-31",
        "acceptedDate": "1995-12-30 19:00:00",
        "calendarYear": "1995",
        "period": "FY",
        "revenue": 3466000000,
        "costOfRevenue": 0,
        "grossProfit": 0,
        "grossProfitRatio": 0,
        "researchAndDevelopmentExpenses": 0,
        "generalAndAdministrativeExpenses": 2681000000,
        "sellingAndMarketingExpenses": 0,
        "sellingGeneralAndAdministrativeExpenses": 1982300000,
        "otherExpenses": 780600000,
        "operatingExpenses": 2762900000,
        "costAndExpenses": 2970000000,
        "interestIncome": 0,
        "interestExpense": -37000000,
        "depreciationAndAmortization": 157900000,
        "ebitda": 677900000,
        "ebitdaratio": 0.19558568955568378,
        "operatingIncome": 495300000,
        "operatingIncomeRatio": 0.14290248124639354,
        "totalOtherIncomeExpensesNet": -37300000,
        "incomeBeforeTax": 458000000,
        "incomeBeforeTaxRatio": 0.1321407963069821,
        "incomeTaxExpense": 154000000,
        "netIncome": 403000000,
        "netIncomeRatio": 0.11627236006924409,
        "eps": 1.546667,
        "epsdiluted": 1.545947,
        "weightedAverageShsOut": 244461207,
        "weightedAverageShsOutDil": 244575000,
        "link": "",
        "finalLink": ""
    },
    {
        "date": "1994-12-31",
        "symbol": "AON",
        "reportedCurrency": "USD",
        "cik": "0000315293",
        "fillingDate": "1994-12-31",
        "acceptedDate": "1994-12-30 19:00:00",
        "calendarYear": "1994",
        "period": "FY",
        "revenue": 4156900000,
        "costOfRevenue": 0,
        "grossProfit": 0,
        "grossProfitRatio": 0,
        "researchAndDevelopmentExpenses": 0,
        "generalAndAdministrativeExpenses": 1899600000,
        "sellingAndMarketingExpenses": 0,
        "sellingGeneralAndAdministrativeExpenses": 1899600000,
        "otherExpenses": 1397100000,
        "operatingExpenses": 3296700000,
        "costAndExpenses": 3296700000,
        "interestIncome": 0,
        "interestExpense": 0,
        "depreciationAndAmortization": 149500000,
        "ebitda": 687100000,
        "ebitdaratio": 0.16529144314272656,
        "operatingIncome": 584000000,
        "operatingIncomeRatio": 0.14048930693545672,
        "totalOtherIncomeExpensesNet": -46400000,
        "incomeBeforeTax": 537600000,
        "incomeBeforeTaxRatio": 0.12932714282277658,
        "incomeTaxExpense": 177600000,
        "netIncome": 360000000,
        "netIncomeRatio": 0.08660299742596647,
        "eps": 1.395556,
        "epsdiluted": 1.371295,
        "weightedAverageShsOut": 234745223,
        "weightedAverageShsOutDil": 238898250,
        "link": "",
        "finalLink": ""
    },
    {
        "date": "1993-12-31",
        "symbol": "AON",
        "reportedCurrency": "USD",
        "cik": "0000315293",
        "fillingDate": "1993-12-31",
        "acceptedDate": "1993-12-30 19:00:00",
        "calendarYear": "1993",
        "period": "FY",
        "revenue": 3844800000,
        "costOfRevenue": 0,
        "grossProfit": 0,
        "grossProfitRatio": 0,
        "researchAndDevelopmentExpenses": 0,
        "generalAndAdministrativeExpenses": 0,
        "sellingAndMarketingExpenses": 0,
        "sellingGeneralAndAdministrativeExpenses": 0,
        "otherExpenses": -3323400000,
        "operatingExpenses": -3323400000,
        "costAndExpenses": -3323400000,
        "interestIncome": 0,
        "interestExpense": 0,
        "depreciationAndAmortization": 50700000,
        "ebitda": 529800000,
        "ebitdaratio": 0.13779650436953808,
        "operatingIncome": 7168200000,
        "operatingIncomeRatio": 1.8643882646691636,
        "totalOtherIncomeExpensesNet": -6689100000,
        "incomeBeforeTax": 479100000,
        "incomeBeforeTaxRatio": 0.12460986267166042,
        "incomeTaxExpense": 155300000,
        "netIncome": 323800000,
        "netIncomeRatio": 0.08421764461090304,
        "eps": 1.28,
        "epsdiluted": 1.27,
        "weightedAverageShsOut": 252968750,
        "weightedAverageShsOutDil": 254960630,
        "link": "",
        "finalLink": ""
    },
    {
        "date": "1992-12-31",
        "symbol": "AON",
        "reportedCurrency": "USD",
        "cik": "0000315293",
        "fillingDate": "1992-12-31",
        "acceptedDate": "1992-12-30 19:00:00",
        "calendarYear": "1992",
        "period": "FY",
        "revenue": 3336500000,
        "costOfRevenue": 0,
        "grossProfit": 0,
        "grossProfitRatio": 0,
        "researchAndDevelopmentExpenses": 0,
        "generalAndAdministrativeExpenses": 0,
        "sellingAndMarketingExpenses": 0,
        "sellingGeneralAndAdministrativeExpenses": 0,
        "otherExpenses": -3004100000,
        "operatingExpenses": -3004100000,
        "costAndExpenses": -3004100000,
        "interestIncome": 0,
        "interestExpense": 0,
        "depreciationAndAmortization": 33200000,
        "ebitda": 244100000,
        "ebitdaratio": 0.07316049752734902,
        "operatingIncome": 6340600000,
        "operatingIncomeRatio": 1.9003746440881162,
        "totalOtherIncomeExpensesNet": -6050100000,
        "incomeBeforeTax": 290500000,
        "incomeBeforeTaxRatio": 0.08706728607822568,
        "incomeTaxExpense": 84300000,
        "netIncome": 126600000,
        "netIncomeRatio": 0.0379439532444178,
        "eps": 0.52,
        "epsdiluted": 0.52,
        "weightedAverageShsOut": 243461538,
        "weightedAverageShsOutDil": 243461538,
        "link": "",
        "finalLink": ""
    },
    {
        "date": "1991-12-31",
        "symbol": "AON",
        "reportedCurrency": "USD",
        "cik": "0000315293",
        "fillingDate": "1991-12-31",
        "acceptedDate": "1991-12-30 19:00:00",
        "calendarYear": "1991",
        "period": "FY",
        "revenue": 2930900000,
        "costOfRevenue": 0,
        "grossProfit": 0,
        "grossProfitRatio": 0,
        "researchAndDevelopmentExpenses": 0,
        "generalAndAdministrativeExpenses": 0,
        "sellingAndMarketingExpenses": 0,
        "sellingGeneralAndAdministrativeExpenses": 0,
        "otherExpenses": -2558700000,
        "operatingExpenses": -2558700000,
        "costAndExpenses": -2558700000,
        "interestIncome": 0,
        "interestExpense": 0,
        "depreciationAndAmortization": 17900000,
        "ebitda": 349400000,
        "ebitdaratio": 0.11921252857484049,
        "operatingIncome": 5489600000,
        "operatingIncomeRatio": 1.8730082909686445,
        "totalOtherIncomeExpensesNet": -5158100000,
        "incomeBeforeTax": 331500000,
        "incomeBeforeTaxRatio": 0.11310518953222559,
        "incomeTaxExpense": 89500000,
        "netIncome": 242000000,
        "netIncomeRatio": 0.08256849431915111,
        "eps": 1.1,
        "epsdiluted": 1.1,
        "weightedAverageShsOut": 220000000,
        "weightedAverageShsOutDil": 220000000,
        "link": "",
        "finalLink": ""
    },
    {
        "date": "1990-12-31",
        "symbol": "AON",
        "reportedCurrency": "USD",
        "cik": "0000315293",
        "fillingDate": "1990-12-31",
        "acceptedDate": "1990-12-30 19:00:00",
        "calendarYear": "1990",
        "period": "FY",
        "revenue": 2626400000,
        "costOfRevenue": 0,
        "grossProfit": 0,
        "grossProfitRatio": 0,
        "researchAndDevelopmentExpenses": 0,
        "generalAndAdministrativeExpenses": 0,
        "sellingAndMarketingExpenses": 0,
        "sellingGeneralAndAdministrativeExpenses": 0,
        "otherExpenses": -2257300000,
        "operatingExpenses": -2257300000,
        "costAndExpenses": -2257300000,
        "interestIncome": 0,
        "interestExpense": 0,
        "depreciationAndAmortization": 12700000,
        "ebitda": 337900000,
        "ebitdaratio": 0.12865519342065185,
        "operatingIncome": 4883700000,
        "operatingIncomeRatio": 1.8594654279622296,
        "totalOtherIncomeExpensesNet": -4558500000,
        "incomeBeforeTax": 325200000,
        "incomeBeforeTaxRatio": 0.12381967712458118,
        "incomeTaxExpense": 86200000,
        "netIncome": 239000000,
        "netIncomeRatio": 0.09099908620164483,
        "eps": 1.07,
        "epsdiluted": 1.07,
        "weightedAverageShsOut": 223364486,
        "weightedAverageShsOutDil": 223364486,
        "link": "",
        "finalLink": ""
    },
    {
        "date": "1989-12-31",
        "symbol": "AON",
        "reportedCurrency": "USD",
        "cik": "0000315293",
        "fillingDate": "1989-12-31",
        "acceptedDate": "1989-12-30 19:00:00",
        "calendarYear": "1989",
        "period": "FY",
        "revenue": 2279100000,
        "costOfRevenue": 0,
        "grossProfit": 0,
        "grossProfitRatio": 0,
        "researchAndDevelopmentExpenses": 0,
        "generalAndAdministrativeExpenses": 0,
        "sellingAndMarketingExpenses": 0,
        "sellingGeneralAndAdministrativeExpenses": 0,
        "otherExpenses": -1919600000,
        "operatingExpenses": -1919600000,
        "costAndExpenses": -1919600000,
        "interestIncome": 0,
        "interestExpense": 0,
        "depreciationAndAmortization": 0,
        "ebitda": 314100000,
        "ebitdaratio": 0.1378175595629854,
        "operatingIncome": 4198700000,
        "operatingIncomeRatio": 1.8422622965205564,
        "totalOtherIncomeExpensesNet": -3884600000,
        "incomeBeforeTax": 314100000,
        "incomeBeforeTaxRatio": 0.1378175595629854,
        "incomeTaxExpense": 81700000,
        "netIncome": 232400000,
        "netIncomeRatio": 0.10197007590715633,
        "eps": 1.05,
        "epsdiluted": 1.05,
        "weightedAverageShsOut": 221333333,
        "weightedAverageShsOutDil": 221333333,
        "link": "",
        "finalLink": ""
    },
    {
        "date": "1988-12-31",
        "symbol": "AON",
        "reportedCurrency": "USD",
        "cik": "0000315293",
        "fillingDate": "1988-12-31",
        "acceptedDate": "1988-12-30 19:00:00",
        "calendarYear": "1988",
        "period": "FY",
        "revenue": 2707600000,
        "costOfRevenue": 0,
        "grossProfit": 0,
        "grossProfitRatio": 0,
        "researchAndDevelopmentExpenses": 0,
        "generalAndAdministrativeExpenses": 0,
        "sellingAndMarketingExpenses": 0,
        "sellingGeneralAndAdministrativeExpenses": 0,
        "otherExpenses": -2406800000,
        "operatingExpenses": -2406800000,
        "costAndExpenses": -2406800000,
        "interestIncome": 0,
        "interestExpense": 0,
        "depreciationAndAmortization": 0,
        "ebitda": 253500000,
        "ebitdaratio": 0.09362535086423401,
        "operatingIncome": 5114400000,
        "operatingIncomeRatio": 1.888905303589895,
        "totalOtherIncomeExpensesNet": -4860900000,
        "incomeBeforeTax": 253500000,
        "incomeBeforeTaxRatio": 0.09362535086423401,
        "incomeTaxExpense": 74000000,
        "netIncome": 179500000,
        "netIncomeRatio": 0.06629487368887575,
        "eps": 0.83,
        "epsdiluted": 0.83,
        "weightedAverageShsOut": 216265060,
        "weightedAverageShsOutDil": 216265060,
        "link": "",
        "finalLink": ""
    },
    {
        "date": "1987-12-31",
        "symbol": "AON",
        "reportedCurrency": "USD",
        "cik": "0000315293",
        "fillingDate": "1987-12-31",
        "acceptedDate": "1987-12-30 19:00:00",
        "calendarYear": "1987",
        "period": "FY",
        "revenue": 2469000000,
        "costOfRevenue": 0,
        "grossProfit": 0,
        "grossProfitRatio": 0,
        "researchAndDevelopmentExpenses": 0,
        "generalAndAdministrativeExpenses": 0,
        "sellingAndMarketingExpenses": 0,
        "sellingGeneralAndAdministrativeExpenses": 0,
        "otherExpenses": -2209200000,
        "operatingExpenses": -2209200000,
        "costAndExpenses": -2209200000,
        "interestIncome": 0,
        "interestExpense": 0,
        "depreciationAndAmortization": 0,
        "ebitda": 259800000,
        "ebitdaratio": 0.10522478736330498,
        "operatingIncome": 4678200000,
        "operatingIncomeRatio": 1.894775212636695,
        "totalOtherIncomeExpensesNet": -4418400000,
        "incomeBeforeTax": 259800000,
        "incomeBeforeTaxRatio": 0.10522478736330498,
        "incomeTaxExpense": 74700000,
        "netIncome": 185100000,
        "netIncomeRatio": 0.07496962332928311,
        "eps": 0.83,
        "epsdiluted": 0.83,
        "weightedAverageShsOut": 222891566,
        "weightedAverageShsOutDil": 222891566,
        "link": "",
        "finalLink": ""
    },
    {
        "date": "1986-12-31",
        "symbol": "AON",
        "reportedCurrency": "USD",
        "cik": "0000315293",
        "fillingDate": "1986-12-31",
        "acceptedDate": "1986-12-30 19:00:00",
        "calendarYear": "1986",
        "period": "FY",
        "revenue": 1805600000,
        "costOfRevenue": 0,
        "grossProfit": 0,
        "grossProfitRatio": 0,
        "researchAndDevelopmentExpenses": 0,
        "generalAndAdministrativeExpenses": 0,
        "sellingAndMarketingExpenses": 0,
        "sellingGeneralAndAdministrativeExpenses": 0,
        "otherExpenses": -1542900000,
        "operatingExpenses": -1542900000,
        "costAndExpenses": -1542900000,
        "interestIncome": 0,
        "interestExpense": 0,
        "depreciationAndAmortization": 0,
        "ebitda": 262700000,
        "ebitdaratio": 0.14549180327868852,
        "operatingIncome": 3348500000,
        "operatingIncomeRatio": 1.8545081967213115,
        "totalOtherIncomeExpensesNet": -3085800000,
        "incomeBeforeTax": 262700000,
        "incomeBeforeTaxRatio": 0.14549180327868852,
        "incomeTaxExpense": 78500000,
        "netIncome": 184200000,
        "netIncomeRatio": 0.10201595037660612,
        "eps": 0.82,
        "epsdiluted": 0.82,
        "weightedAverageShsOut": 223780488,
        "weightedAverageShsOutDil": 223780488,
        "link": "",
        "finalLink": ""
    },
    {
        "date": "1985-12-31",
        "symbol": "AON",
        "reportedCurrency": "USD",
        "cik": "0000315293",
        "fillingDate": "1985-12-31",
        "acceptedDate": "1985-12-30 19:00:00",
        "calendarYear": "1985",
        "period": "FY",
        "revenue": 1359800000,
        "costOfRevenue": 0,
        "grossProfit": 0,
        "grossProfitRatio": 0,
        "researchAndDevelopmentExpenses": 0,
        "generalAndAdministrativeExpenses": 0,
        "sellingAndMarketingExpenses": 0,
        "sellingGeneralAndAdministrativeExpenses": 0,
        "otherExpenses": -1129800000,
        "operatingExpenses": -1129800000,
        "costAndExpenses": -1129800000,
        "interestIncome": 0,
        "interestExpense": 0,
        "depreciationAndAmortization": 0,
        "ebitda": 230000000,
        "ebitdaratio": 0.16914252095896457,
        "operatingIncome": 2489600000,
        "operatingIncomeRatio": 1.8308574790410355,
        "totalOtherIncomeExpensesNet": -2259600000,
        "incomeBeforeTax": 230000000,
        "incomeBeforeTaxRatio": 0.16914252095896457,
        "incomeTaxExpense": 69000000,
        "netIncome": 161000000,
        "netIncomeRatio": 0.11839976467127519,
        "eps": 0.71,
        "epsdiluted": 0.71,
        "weightedAverageShsOut": 225774648,
        "weightedAverageShsOutDil": 225774648,
        "link": "",
        "finalLink": ""
    }
]