[
    {
        "date": "2021-12-31",
        "symbol": "AVY",
        "reportedCurrency": "USD",
        "cik": "0000008818",
        "fillingDate": "2022-02-23",
        "acceptedDate": "2022-02-23 16:03:04",
        "calendarYear": "2021",
        "period": "FY",
        "revenue": 8408300000,
        "costOfRevenue": 6095500000,
        "grossProfit": 2312800000,
        "grossProfitRatio": 0.2750615463292223,
        "researchAndDevelopmentExpenses": 0,
        "generalAndAdministrativeExpenses": 0,
        "sellingAndMarketingExpenses": 0,
        "sellingGeneralAndAdministrativeExpenses": 1248500000,
        "otherExpenses": 0,
        "operatingExpenses": 1248500000,
        "costAndExpenses": 7344000000,
        "interestIncome": null,
        "interestExpense": 70200000,
        "depreciationAndAmortization": 244100000,
        "ebitda": 1303000000,
        "ebitdaratio": 0.15496592652498126,
        "operatingIncome": 1064300000,
        "operatingIncomeRatio": 0.12657731051461057,
        "totalOtherIncomeExpensesNet": -71700000,
        "incomeBeforeTax": 992600000,
        "incomeBeforeTaxRatio": 0.11805002200206938,
        "incomeTaxExpense": 248600000,
        "netIncome": 740100000,
        "netIncomeRatio": 0.08802017054577026,
        "eps": 8.938883,
        "epsdiluted": 8.83,
        "weightedAverageShsOut": 82605953,
        "weightedAverageShsOutDil": 83800000,
        "link": "https://www.sec.gov/Archives/edgar/data/8818/000119312522049910/0001193125-22-049910-index.htm",
        "finalLink": "https://www.sec.gov/Archives/edgar/data/8818/000119312522049910/d179463d10k.htm"
    },
    {
        "date": "2021-01-02",
        "symbol": "AVY",
        "reportedCurrency": "USD",
        "cik": "0000008818",
        "fillingDate": "2021-02-25",
        "acceptedDate": "2021-02-24 19:50:25",
        "calendarYear": "2020",
        "period": "FY",
        "revenue": 6971500000,
        "costOfRevenue": 5048200000,
        "grossProfit": 1923300000,
        "grossProfitRatio": 0.27588037007817545,
        "researchAndDevelopmentExpenses": 0,
        "generalAndAdministrativeExpenses": 0,
        "sellingAndMarketingExpenses": 0,
        "sellingGeneralAndAdministrativeExpenses": 1060500000,
        "otherExpenses": 0,
        "operatingExpenses": 1060500000,
        "costAndExpenses": 6108700000,
        "interestIncome": 0,
        "interestExpense": 70000000,
        "depreciationAndAmortization": 205300000,
        "ebitda": 1008900000,
        "ebitdaratio": 0.14471777953094742,
        "operatingIncome": 862800000,
        "operatingIncomeRatio": 0.12376102703865739,
        "totalOtherIncomeExpensesNet": -125500000,
        "incomeBeforeTax": 737300000,
        "incomeBeforeTaxRatio": 0.10575916230366492,
        "incomeTaxExpense": 177700000,
        "netIncome": 555900000,
        "netIncomeRatio": 0.07973893710105429,
        "eps": 6.664052,
        "epsdiluted": 6.61,
        "weightedAverageShsOut": 83151174,
        "weightedAverageShsOutDil": 84100000,
        "link": "https://www.sec.gov/Archives/edgar/data/8818/000119312521055146/0001193125-21-055146-index.htm",
        "finalLink": "https://www.sec.gov/Archives/edgar/data/8818/000119312521055146/d20372d10k.htm"
    },
    {
        "date": "2019-12-28",
        "symbol": "AVY",
        "reportedCurrency": "USD",
        "cik": "0000008818",
        "fillingDate": "2020-02-26",
        "acceptedDate": "2020-02-26 16:02:37",
        "calendarYear": "2019",
        "period": "FY",
        "revenue": 7070100000,
        "costOfRevenue": 5166000000,
        "grossProfit": 1904100000,
        "grossProfitRatio": 0.2693172656680952,
        "researchAndDevelopmentExpenses": 0,
        "generalAndAdministrativeExpenses": 0,
        "sellingAndMarketingExpenses": 0,
        "sellingGeneralAndAdministrativeExpenses": 1080400000,
        "otherExpenses": 0,
        "operatingExpenses": 1080400000,
        "costAndExpenses": 6246400000,
        "interestIncome": 0,
        "interestExpense": 75800000,
        "depreciationAndAmortization": 179000000,
        "ebitda": 501700000,
        "ebitdaratio": 0.07096080677783907,
        "operatingIncome": 823700000,
        "operatingIncomeRatio": 0.1165047170478494,
        "totalOtherIncomeExpensesNet": -574200000,
        "incomeBeforeTax": 249500000,
        "incomeBeforeTaxRatio": 0.03528945842350179,
        "incomeTaxExpense": -56700000,
        "netIncome": 303600000,
        "netIncomeRatio": 0.04294140111172402,
        "eps": 3.641736,
        "epsdiluted": 3.57,
        "weightedAverageShsOut": 83366840,
        "weightedAverageShsOutDil": 85000000,
        "link": "https://www.sec.gov/Archives/edgar/data/8818/000110465920025360/0001104659-20-025360-index.htm",
        "finalLink": "https://www.sec.gov/Archives/edgar/data/8818/000110465920025360/avy-20191228x10k9cf60b.htm"
    },
    {
        "date": "2018-12-29",
        "symbol": "AVY",
        "reportedCurrency": "USD",
        "cik": "0000008818",
        "fillingDate": "2019-02-27",
        "acceptedDate": "2019-02-27 16:13:31",
        "calendarYear": "2018",
        "period": "FY",
        "revenue": 7159000000,
        "costOfRevenue": 5243500000,
        "grossProfit": 1915500000,
        "grossProfitRatio": 0.26756530241653864,
        "researchAndDevelopmentExpenses": 0,
        "generalAndAdministrativeExpenses": 0,
        "sellingAndMarketingExpenses": 0,
        "sellingGeneralAndAdministrativeExpenses": 1127500000,
        "otherExpenses": 0,
        "operatingExpenses": 1127500000,
        "costAndExpenses": 6371000000,
        "interestIncome": 0,
        "interestExpense": 58500000,
        "depreciationAndAmortization": 181000000,
        "ebitda": 792300000,
        "ebitdaratio": 0.11067188154770219,
        "operatingIncome": 788000000,
        "operatingIncomeRatio": 0.11007123899986032,
        "totalOtherIncomeExpensesNet": -233200000,
        "incomeBeforeTax": 554800000,
        "incomeBeforeTaxRatio": 0.07749685710294733,
        "incomeTaxExpense": 85400000,
        "netIncome": 467400000,
        "netIncomeRatio": 0.06528844810727755,
        "eps": 5.516759,
        "epsdiluted": 5.28,
        "weightedAverageShsOut": 84723655,
        "weightedAverageShsOutDil": 88600000,
        "link": "https://www.sec.gov/Archives/edgar/data/8818/000104746919000747/0001047469-19-000747-index.htm",
        "finalLink": "https://www.sec.gov/Archives/edgar/data/8818/000104746919000747/a2237793z10-k.htm"
    },
    {
        "date": "2017-12-30",
        "symbol": "AVY",
        "reportedCurrency": "USD",
        "cik": "0000008818",
        "fillingDate": "2018-02-21",
        "acceptedDate": "2018-02-21 17:19:35",
        "calendarYear": "2017",
        "period": "FY",
        "revenue": 6613800000,
        "costOfRevenue": 4801600000,
        "grossProfit": 1812200000,
        "grossProfitRatio": 0.27400284254135293,
        "researchAndDevelopmentExpenses": 0,
        "generalAndAdministrativeExpenses": 1123200000,
        "sellingAndMarketingExpenses": 0,
        "sellingGeneralAndAdministrativeExpenses": 1123200000,
        "otherExpenses": 0,
        "operatingExpenses": 1123200000,
        "costAndExpenses": 5924800000,
        "interestIncome": 0,
        "interestExpense": 63000000,
        "depreciationAndAmortization": 178700000,
        "ebitda": 831200000,
        "ebitdaratio": 0.12567661556140192,
        "operatingIncome": 689000000,
        "operatingIncomeRatio": 0.10417611660467507,
        "totalOtherIncomeExpensesNet": -99500000,
        "incomeBeforeTax": 589500000,
        "incomeBeforeTaxRatio": 0.08913181529529167,
        "incomeTaxExpense": 307700000,
        "netIncome": 281800000,
        "netIncomeRatio": 0.04260788049230397,
        "eps": 3.201853,
        "epsdiluted": 3.13,
        "weightedAverageShsOut": 88011541,
        "weightedAverageShsOutDil": 90100000,
        "link": "https://www.sec.gov/Archives/edgar/data/8818/000104746918000931/0001047469-18-000931-index.htm",
        "finalLink": "https://www.sec.gov/Archives/edgar/data/8818/000104746918000931/a2234573z10-k.htm"
    },
    {
        "date": "2016-12-31",
        "symbol": "AVY",
        "reportedCurrency": "USD",
        "cik": "0000008818",
        "fillingDate": "2017-02-23",
        "acceptedDate": "2017-02-23 15:14:02",
        "calendarYear": "2016",
        "period": "FY",
        "revenue": 6086500000,
        "costOfRevenue": 4386800000,
        "grossProfit": 1699700000,
        "grossProfitRatio": 0.27925737287439417,
        "researchAndDevelopmentExpenses": 0,
        "generalAndAdministrativeExpenses": 1097500000,
        "sellingAndMarketingExpenses": 0,
        "sellingGeneralAndAdministrativeExpenses": 1097500000,
        "otherExpenses": 0,
        "operatingExpenses": 1097500000,
        "costAndExpenses": 5484300000,
        "interestIncome": 0,
        "interestExpense": 59900000,
        "depreciationAndAmortization": 180100000,
        "ebitda": 717100000,
        "ebitdaratio": 0.11781812207344122,
        "operatingIncome": 602200000,
        "operatingIncomeRatio": 0.09894027766368192,
        "totalOtherIncomeExpensesNet": -125100000,
        "incomeBeforeTax": 477100000,
        "incomeBeforeTaxRatio": 0.0783865932802103,
        "incomeTaxExpense": 156400000,
        "netIncome": 320700000,
        "netIncomeRatio": 0.05269038034995482,
        "eps": 3.631572,
        "epsdiluted": 3.54,
        "weightedAverageShsOut": 88308860,
        "weightedAverageShsOutDil": 90700000,
        "link": "https://www.sec.gov/Archives/edgar/data/8818/000104746917000881/0001047469-17-000881-index.htm",
        "finalLink": "https://www.sec.gov/Archives/edgar/data/8818/000104746917000881/a2230940z10-k.htm"
    },
    {
        "date": "2016-01-02",
        "symbol": "AVY",
        "reportedCurrency": "USD",
        "cik": "0000008818",
        "fillingDate": "2016-02-24",
        "acceptedDate": "2016-02-24 16:28:04",
        "calendarYear": "2015",
        "period": "FY",
        "revenue": 5966900000,
        "costOfRevenue": 4321100000,
        "grossProfit": 1645800000,
        "grossProfitRatio": 0.27582161591446147,
        "researchAndDevelopmentExpenses": 0,
        "generalAndAdministrativeExpenses": 1108100000,
        "sellingAndMarketingExpenses": 0,
        "sellingGeneralAndAdministrativeExpenses": 1108100000,
        "otherExpenses": 0,
        "operatingExpenses": 1108100000,
        "costAndExpenses": 5429200000,
        "interestIncome": 0,
        "interestExpense": 60500000,
        "depreciationAndAmortization": 188300000,
        "ebitda": 657600000,
        "ebitdaratio": 0.11020798069349243,
        "operatingIncome": 537700000,
        "operatingIncomeRatio": 0.09011379443261995,
        "totalOtherIncomeExpensesNet": -128800000,
        "incomeBeforeTax": 408900000,
        "incomeBeforeTaxRatio": 0.06852804638924735,
        "incomeTaxExpense": 134500000,
        "netIncome": 274300000,
        "netIncomeRatio": 0.045970269319076905,
        "eps": 3.010902,
        "epsdiluted": 2.95,
        "weightedAverageShsOut": 89967697,
        "weightedAverageShsOutDil": 92900000,
        "link": "https://www.sec.gov/Archives/edgar/data/8818/000104746916010376/0001047469-16-010376-index.htm",
        "finalLink": "https://www.sec.gov/Archives/edgar/data/8818/000104746916010376/a2227408z10-k.htm"
    },
    {
        "date": "2015-01-03",
        "symbol": "AVY",
        "reportedCurrency": "USD",
        "cik": "0000008818",
        "fillingDate": "2015-02-25",
        "acceptedDate": "2015-02-25 16:00:17",
        "calendarYear": "2014",
        "period": "FY",
        "revenue": 6330300000,
        "costOfRevenue": 4679100000,
        "grossProfit": 1651200000,
        "grossProfitRatio": 0.2608407184493626,
        "researchAndDevelopmentExpenses": 0,
        "generalAndAdministrativeExpenses": 1155300000,
        "sellingAndMarketingExpenses": 0,
        "sellingGeneralAndAdministrativeExpenses": 1155300000,
        "otherExpenses": 0,
        "operatingExpenses": 1155300000,
        "costAndExpenses": 5834400000,
        "interestIncome": 0,
        "interestExpense": 63300000,
        "depreciationAndAmortization": 201600000,
        "ebitda": 627100000,
        "ebitdaratio": 0.099063235549658,
        "operatingIncome": 495900000,
        "operatingIncomeRatio": 0.07833751954883655,
        "totalOtherIncomeExpensesNet": -131500000,
        "incomeBeforeTax": 364400000,
        "incomeBeforeTaxRatio": 0.057564412429110784,
        "incomeTaxExpense": 113300000,
        "netIncome": 248900000,
        "netIncomeRatio": 0.03931883165094861,
        "eps": 2.732131,
        "epsdiluted": 2.6,
        "weightedAverageShsOut": 90458956,
        "weightedAverageShsOutDil": 95700000,
        "link": "https://www.sec.gov/Archives/edgar/data/8818/000104746915001200/0001047469-15-001200-index.htm",
        "finalLink": "https://www.sec.gov/Archives/edgar/data/8818/000104746915001200/a2223154z10-k.htm"
    },
    {
        "date": "2013-12-28",
        "symbol": "AVY",
        "reportedCurrency": "USD",
        "cik": "0000008818",
        "fillingDate": "2014-02-26",
        "acceptedDate": "2014-02-26 15:48:56",
        "calendarYear": "2013",
        "period": "FY",
        "revenue": 6140000000,
        "costOfRevenue": 4502300000,
        "grossProfit": 1637700000,
        "grossProfitRatio": 0.2667263843648208,
        "researchAndDevelopmentExpenses": 0,
        "generalAndAdministrativeExpenses": 0,
        "sellingAndMarketingExpenses": 0,
        "sellingGeneralAndAdministrativeExpenses": 1179000000,
        "otherExpenses": 0,
        "operatingExpenses": 1179000000,
        "costAndExpenses": 5681300000,
        "interestIncome": 0,
        "interestExpense": 59000000,
        "depreciationAndAmortization": 204600000,
        "ebitda": 598200000,
        "ebitdaratio": 0.09742671009771987,
        "operatingIncome": 458700000,
        "operatingIncomeRatio": 0.07470684039087948,
        "totalOtherIncomeExpensesNet": -95600000,
        "incomeBeforeTax": 363100000,
        "incomeBeforeTaxRatio": 0.05913680781758958,
        "incomeTaxExpense": 118800000,
        "netIncome": 215800000,
        "netIncomeRatio": 0.03514657980456026,
        "eps": 2.243747,
        "epsdiluted": 2.16,
        "weightedAverageShsOut": 96178411,
        "weightedAverageShsOutDil": 100100000,
        "link": "https://www.sec.gov/Archives/edgar/data/8818/000104746914001386/0001047469-14-001386-index.htm",
        "finalLink": "https://www.sec.gov/Archives/edgar/data/8818/000104746914001386/a2218447z10-k.htm"
    },
    {
        "date": "2012-12-29",
        "symbol": "AVY",
        "reportedCurrency": "USD",
        "cik": "0000008818",
        "fillingDate": "2013-02-27",
        "acceptedDate": "2013-02-27 15:37:52",
        "calendarYear": "2012",
        "period": "FY",
        "revenue": 6035600000,
        "costOfRevenue": 4458500000,
        "grossProfit": 1577100000,
        "grossProfitRatio": 0.2612996222413679,
        "researchAndDevelopmentExpenses": 0,
        "generalAndAdministrativeExpenses": 1179400000,
        "sellingAndMarketingExpenses": 0,
        "sellingGeneralAndAdministrativeExpenses": 1179400000,
        "otherExpenses": 0,
        "operatingExpenses": 1179400000,
        "costAndExpenses": 5637900000,
        "interestIncome": 0,
        "interestExpense": 72800000,
        "depreciationAndAmortization": 220600000,
        "ebitda": 595200000,
        "ebitdaratio": 0.09861488501557426,
        "operatingIncome": 397700000,
        "operatingIncomeRatio": 0.06589237192656902,
        "totalOtherIncomeExpensesNet": -142200000,
        "incomeBeforeTax": 255500000,
        "incomeBeforeTaxRatio": 0.042332162502485254,
        "incomeTaxExpense": 86400000,
        "netIncome": 215400000,
        "netIncomeRatio": 0.03568824971833786,
        "eps": 2.155823,
        "epsdiluted": 2.08,
        "weightedAverageShsOut": 99915457,
        "weightedAverageShsOutDil": 103500000,
        "link": "https://www.sec.gov/Archives/edgar/data/8818/000104746913001812/0001047469-13-001812-index.htm",
        "finalLink": "https://www.sec.gov/Archives/edgar/data/8818/000104746913001812/a2212989z10-k.htm"
    },
    {
        "date": "2011-12-31",
        "symbol": "AVY",
        "reportedCurrency": "USD",
        "cik": "0000008818",
        "fillingDate": "2012-02-27",
        "acceptedDate": "2012-02-24 20:30:49",
        "calendarYear": "2011",
        "period": "FY",
        "revenue": 6026300000,
        "costOfRevenue": 4504900000,
        "grossProfit": 1521400000,
        "grossProfitRatio": 0.2524600501136684,
        "researchAndDevelopmentExpenses": 0,
        "generalAndAdministrativeExpenses": 0,
        "sellingAndMarketingExpenses": 0,
        "sellingGeneralAndAdministrativeExpenses": 1170900000,
        "otherExpenses": 0,
        "operatingExpenses": 1170900000,
        "costAndExpenses": 5675800000,
        "interestIncome": 0,
        "interestExpense": 71000000,
        "depreciationAndAmortization": 246500000,
        "ebitda": 586100000,
        "ebitdaratio": 0.09725702338084728,
        "operatingIncome": 350500000,
        "operatingIncomeRatio": 0.05816172444119941,
        "totalOtherIncomeExpensesNet": -117600000,
        "incomeBeforeTax": 232900000,
        "incomeBeforeTaxRatio": 0.03864726283125633,
        "incomeTaxExpense": 78500000,
        "netIncome": 190100000,
        "netIncomeRatio": 0.031545060816753234,
        "eps": 1.78,
        "epsdiluted": 1.78,
        "weightedAverageShsOut": 106800000,
        "weightedAverageShsOutDil": 106800000,
        "link": "https://www.sec.gov/Archives/edgar/data/8818/000119312512078843/0001193125-12-078843-index.htm",
        "finalLink": "https://www.sec.gov/Archives/edgar/data/8818/000119312512078843/d251638d10k.htm"
    },
    {
        "date": "2011-01-01",
        "symbol": "AVY",
        "reportedCurrency": "USD",
        "cik": "0000008818",
        "fillingDate": "2011-02-28",
        "acceptedDate": "2011-02-25 18:05:39",
        "calendarYear": "2010",
        "period": "FY",
        "revenue": 6512700000,
        "costOfRevenue": 4686700000,
        "grossProfit": 1826000000,
        "grossProfitRatio": 0.28037526678643265,
        "researchAndDevelopmentExpenses": 0,
        "generalAndAdministrativeExpenses": 0,
        "sellingAndMarketingExpenses": 0,
        "sellingGeneralAndAdministrativeExpenses": 1370400000,
        "otherExpenses": 0,
        "operatingExpenses": 1370400000,
        "costAndExpenses": 6057100000,
        "interestIncome": 0,
        "interestExpense": 76600000,
        "depreciationAndAmortization": 247600000,
        "ebitda": 675500000,
        "ebitdaratio": 0.1037204231731847,
        "operatingIncome": 455600000,
        "operatingIncomeRatio": 0.06995562516314278,
        "totalOtherIncomeExpensesNet": -104300000,
        "incomeBeforeTax": 351300000,
        "incomeBeforeTaxRatio": 0.053940761895987836,
        "incomeTaxExpense": 34400000,
        "netIncome": 316900000,
        "netIncomeRatio": 0.04865877439464431,
        "eps": 2.89625,
        "epsdiluted": 2.89625,
        "weightedAverageShsOut": 105391940,
        "weightedAverageShsOutDil": 106800000,
        "link": "https://www.sec.gov/Archives/edgar/data/8818/000095012311018967/0000950123-11-018967-index.htm",
        "finalLink": "https://www.sec.gov/Archives/edgar/data/8818/000095012311018967/v57898e10vk.htm"
    },
    {
        "date": "2010-01-02",
        "symbol": "AVY",
        "reportedCurrency": "USD",
        "cik": "0000008818",
        "fillingDate": "2010-03-01",
        "acceptedDate": "2010-02-26 19:21:59",
        "calendarYear": "2009",
        "period": "FY",
        "revenue": 5952700000,
        "costOfRevenue": 4366200000,
        "grossProfit": 1586500000,
        "grossProfitRatio": 0.26651771465049473,
        "researchAndDevelopmentExpenses": 0,
        "generalAndAdministrativeExpenses": 0,
        "sellingAndMarketingExpenses": 0,
        "sellingGeneralAndAdministrativeExpenses": 1268800000,
        "otherExpenses": 0,
        "operatingExpenses": 1268800000,
        "costAndExpenses": 5635000000,
        "interestIncome": 0,
        "interestExpense": 85300000,
        "depreciationAndAmortization": 267300000,
        "ebitda": -438300000,
        "ebitdaratio": -0.07363045340769735,
        "operatingIncome": 317700000,
        "operatingIncomeRatio": 0.053370739328372,
        "totalOtherIncomeExpensesNet": -1108600000,
        "incomeBeforeTax": -790900000,
        "incomeBeforeTaxRatio": -0.1328640784853932,
        "incomeTaxExpense": -44200000,
        "netIncome": -746700000,
        "netIncomeRatio": -0.12543887647622087,
        "eps": -7.091281,
        "epsdiluted": -7.21,
        "weightedAverageShsOut": 103100000,
        "weightedAverageShsOutDil": 103600000,
        "link": "https://www.sec.gov/Archives/edgar/data/8818/000095012310018494/0000950123-10-018494-index.htm",
        "finalLink": "https://www.sec.gov/Archives/edgar/data/8818/000095012310018494/v55308e10vk.htm"
    },
    {
        "date": "2008-12-27",
        "symbol": "AVY",
        "reportedCurrency": "USD",
        "cik": "0000008818",
        "fillingDate": "2009-02-25",
        "acceptedDate": "2009-02-25 17:22:29",
        "calendarYear": "2008",
        "period": "FY",
        "revenue": 6710400000,
        "costOfRevenue": 4983400000,
        "grossProfit": 1727000000,
        "grossProfitRatio": 0.257361707200763,
        "researchAndDevelopmentExpenses": 0,
        "generalAndAdministrativeExpenses": 0,
        "sellingAndMarketingExpenses": 0,
        "sellingGeneralAndAdministrativeExpenses": 1304300000,
        "otherExpenses": 0,
        "operatingExpenses": 1304300000,
        "costAndExpenses": 6287700000,
        "interestIncome": 0,
        "interestExpense": 0,
        "depreciationAndAmortization": 278400000,
        "ebitda": 549000000,
        "ebitdaratio": 0.08181330472103004,
        "operatingIncome": 422700000,
        "operatingIncomeRatio": 0.062991773962804,
        "totalOtherIncomeExpensesNet": -152100000,
        "incomeBeforeTax": 270600000,
        "incomeBeforeTaxRatio": 0.04032546494992847,
        "incomeTaxExpense": 4500000,
        "netIncome": 266100000,
        "netIncomeRatio": 0.03965486409155937,
        "eps": 2.7,
        "epsdiluted": 2.7,
        "weightedAverageShsOut": 98400000,
        "weightedAverageShsOutDil": 98700000,
        "link": "https://www.sec.gov/Archives/edgar/data/8818/000095014809000021/0000950148-09-000021-index.htm",
        "finalLink": "https://www.sec.gov/Archives/edgar/data/8818/000095014809000021/v51532e10vk.htm"
    },
    {
        "date": "2007-12-29",
        "symbol": "AVY",
        "reportedCurrency": "USD",
        "cik": "0000008818",
        "fillingDate": "2008-02-27",
        "acceptedDate": "2008-02-27 15:45:11",
        "calendarYear": "2007",
        "period": "FY",
        "revenue": 6307800000,
        "costOfRevenue": 4585400000,
        "grossProfit": 1722400000,
        "grossProfitRatio": 0.2730587526554425,
        "researchAndDevelopmentExpenses": 0,
        "generalAndAdministrativeExpenses": 0,
        "sellingAndMarketingExpenses": 0,
        "sellingGeneralAndAdministrativeExpenses": 1182500000,
        "otherExpenses": 0,
        "operatingExpenses": 1182500000,
        "costAndExpenses": 5767900000,
        "interestIncome": 0,
        "interestExpense": 0,
        "depreciationAndAmortization": 234600000,
        "ebitda": 609900000,
        "ebitdaratio": 0.0966898126129554,
        "operatingIncome": 539900000,
        "operatingIncomeRatio": 0.08559244110466406,
        "totalOtherIncomeExpensesNet": -164600000,
        "incomeBeforeTax": 375300000,
        "incomeBeforeTaxRatio": 0.05949776467231047,
        "incomeTaxExpense": 71800000,
        "netIncome": 303500000,
        "netIncomeRatio": 0.04811503218237737,
        "eps": 3.09,
        "epsdiluted": 3.07,
        "weightedAverageShsOut": 98100000,
        "weightedAverageShsOutDil": 98900000,
        "link": "https://www.sec.gov/Archives/edgar/data/8818/000095013408003581/0000950134-08-003581-index.htm",
        "finalLink": "https://www.sec.gov/Archives/edgar/data/8818/000095013408003581/a38006e10vk.htm"
    },
    {
        "date": "2006-12-30",
        "symbol": "AVY",
        "reportedCurrency": "USD",
        "cik": "0000008818",
        "fillingDate": "2007-02-28",
        "acceptedDate": "2007-02-28 15:25:44",
        "calendarYear": "2006",
        "period": "FY",
        "revenue": 5575900000,
        "costOfRevenue": 4047500000,
        "grossProfit": 1528400000,
        "grossProfitRatio": 0.27410821571405514,
        "researchAndDevelopmentExpenses": 0,
        "generalAndAdministrativeExpenses": 0,
        "sellingAndMarketingExpenses": 0,
        "sellingGeneralAndAdministrativeExpenses": 1011100000,
        "otherExpenses": 0,
        "operatingExpenses": 1011100000,
        "costAndExpenses": 5058600000,
        "interestIncome": 0,
        "interestExpense": 0,
        "depreciationAndAmortization": 197900000,
        "ebitda": 638200000,
        "ebitdaratio": 0.11445685898240643,
        "operatingIncome": 517300000,
        "operatingIncomeRatio": 0.09277426065747234,
        "totalOtherIncomeExpensesNet": -91700000,
        "incomeBeforeTax": 425600000,
        "incomeBeforeTaxRatio": 0.07632848508760917,
        "incomeTaxExpense": 73100000,
        "netIncome": 367200000,
        "netIncomeRatio": 0.06585483957746731,
        "eps": 3.68,
        "epsdiluted": 3.66,
        "weightedAverageShsOut": 99800000,
        "weightedAverageShsOutDil": 100400000,
        "link": "https://www.sec.gov/Archives/edgar/data/8818/000095013407004370/0000950134-07-004370-index.htm",
        "finalLink": "https://www.sec.gov/Archives/edgar/data/8818/000095013407004370/a27721e10vk.htm"
    },
    {
        "date": "2005-12-31",
        "symbol": "AVY",
        "reportedCurrency": "USD",
        "cik": "0000008818",
        "fillingDate": "2006-03-15",
        "acceptedDate": "2006-03-15 14:39:54",
        "calendarYear": "2005",
        "period": "FY",
        "revenue": 5473500000,
        "costOfRevenue": 3852400000,
        "grossProfit": 1621100000,
        "grossProfitRatio": 0.29617246734265096,
        "researchAndDevelopmentExpenses": 0,
        "generalAndAdministrativeExpenses": 0,
        "sellingAndMarketingExpenses": 0,
        "sellingGeneralAndAdministrativeExpenses": 1132800000,
        "otherExpenses": 0,
        "operatingExpenses": 1132800000,
        "costAndExpenses": 4985200000,
        "interestIncome": 0,
        "interestExpense": 0,
        "depreciationAndAmortization": 201500000,
        "ebitda": 502900000,
        "ebitdaratio": 0.0918790536219969,
        "operatingIncome": 488300000,
        "operatingIncomeRatio": 0.08921165616150543,
        "totalOtherIncomeExpensesNet": -121500000,
        "incomeBeforeTax": 366800000,
        "incomeBeforeTaxRatio": 0.06701379373344295,
        "incomeTaxExpense": 75000000,
        "netIncome": 226400000,
        "netIncomeRatio": 0.041362930483237415,
        "eps": 2.26,
        "epsdiluted": 2.25,
        "weightedAverageShsOut": 100100000,
        "weightedAverageShsOutDil": 100500000,
        "link": "https://www.sec.gov/Archives/edgar/data/8818/000095012906002659/0000950129-06-002659-index.htm",
        "finalLink": "https://www.sec.gov/Archives/edgar/data/8818/000095012906002659/a18251e10vk.htm"
    },
    {
        "date": "2005-01-01",
        "symbol": "AVY",
        "reportedCurrency": "USD",
        "cik": "0000008818",
        "fillingDate": "2005-03-17",
        "acceptedDate": "2005-03-17 17:05:35",
        "calendarYear": "2004",
        "period": "FY",
        "revenue": 5340900000,
        "costOfRevenue": 3761400000,
        "grossProfit": 1579500000,
        "grossProfitRatio": 0.29573667359433803,
        "researchAndDevelopmentExpenses": 0,
        "generalAndAdministrativeExpenses": 0,
        "sellingAndMarketingExpenses": 0,
        "sellingGeneralAndAdministrativeExpenses": 1112400000,
        "otherExpenses": 0,
        "operatingExpenses": 1112400000,
        "costAndExpenses": 4873800000,
        "interestIncome": 0,
        "interestExpense": 0,
        "depreciationAndAmortization": 188200000,
        "ebitda": 561600000,
        "ebitdaratio": 0.10515081727798685,
        "operatingIncome": 467100000,
        "operatingIncomeRatio": 0.08745717013986407,
        "totalOtherIncomeExpensesNet": -93700000,
        "incomeBeforeTax": 373400000,
        "incomeBeforeTaxRatio": 0.06991331049074126,
        "incomeTaxExpense": 93700000,
        "netIncome": 279700000,
        "netIncomeRatio": 0.05236945084161845,
        "eps": 2.8,
        "epsdiluted": 2.78,
        "weightedAverageShsOut": 99900000,
        "weightedAverageShsOutDil": 100500000,
        "link": "https://www.sec.gov/Archives/edgar/data/8818/000119312505054130/0001193125-05-054130-index.htm",
        "finalLink": "https://www.sec.gov/Archives/edgar/data/8818/000119312505054130/d10k.htm"
    },
    {
        "date": "2003-12-27",
        "symbol": "AVY",
        "reportedCurrency": "USD",
        "cik": "0000008818",
        "fillingDate": "2004-03-11",
        "acceptedDate": "2004-03-11 16:57:16",
        "calendarYear": "2003",
        "period": "FY",
        "revenue": 4762600000,
        "costOfRevenue": 3304600000,
        "grossProfit": 1458000000,
        "grossProfitRatio": 0.30613530424558016,
        "researchAndDevelopmentExpenses": 0,
        "generalAndAdministrativeExpenses": 0,
        "sellingAndMarketingExpenses": 0,
        "sellingGeneralAndAdministrativeExpenses": 1034900000,
        "otherExpenses": 0,
        "operatingExpenses": 1034900000,
        "costAndExpenses": 4339500000,
        "interestIncome": 0,
        "interestExpense": 0,
        "depreciationAndAmortization": 179300000,
        "ebitda": 539300000,
        "ebitdaratio": 0.11323646747574855,
        "operatingIncome": 423100000,
        "operatingIncomeRatio": 0.08883802964767144,
        "totalOtherIncomeExpensesNet": -88200000,
        "incomeBeforeTax": 334900000,
        "incomeBeforeTaxRatio": 0.07031873346491413,
        "incomeTaxExpense": 92100000,
        "netIncome": 267900000,
        "netIncomeRatio": 0.05625078738504179,
        "eps": 2.7,
        "epsdiluted": 2.68,
        "weightedAverageShsOut": 99400000,
        "weightedAverageShsOutDil": 100000000,
        "link": "https://www.sec.gov/Archives/edgar/data/8818/000119312504039235/0001193125-04-039235-index.htm",
        "finalLink": "https://www.sec.gov/Archives/edgar/data/8818/000119312504039235/d10k.htm"
    },
    {
        "date": "2002-12-28",
        "symbol": "AVY",
        "reportedCurrency": "USD",
        "cik": "0000008818",
        "fillingDate": "2002-12-28",
        "acceptedDate": "2002-12-27 19:00:00",
        "calendarYear": "2002",
        "period": "FY",
        "revenue": 4206900000,
        "costOfRevenue": 2853200000,
        "grossProfit": 1353700000,
        "grossProfitRatio": 0.3217808837861608,
        "researchAndDevelopmentExpenses": 0,
        "generalAndAdministrativeExpenses": 0,
        "sellingAndMarketingExpenses": 0,
        "sellingGeneralAndAdministrativeExpenses": 913100000,
        "otherExpenses": 0,
        "operatingExpenses": 913100000,
        "costAndExpenses": 3766300000,
        "interestIncome": 0,
        "interestExpense": 0,
        "depreciationAndAmortization": 152800000,
        "ebitda": 517600000,
        "ebitdaratio": 0.12303596472461908,
        "operatingIncome": 440600000,
        "operatingIncomeRatio": 0.10473270103876964,
        "totalOtherIncomeExpensesNet": -75800000,
        "incomeBeforeTax": 364800000,
        "incomeBeforeTaxRatio": 0.08671468302075162,
        "incomeTaxExpense": 107600000,
        "netIncome": 257200000,
        "netIncomeRatio": 0.06113765480520098,
        "eps": 2.61,
        "epsdiluted": 2.59,
        "weightedAverageShsOut": 98500000,
        "weightedAverageShsOutDil": 99400000,
        "link": "",
        "finalLink": ""
    },
    {
        "date": "2001-12-29",
        "symbol": "AVY",
        "reportedCurrency": "USD",
        "cik": "0000008818",
        "fillingDate": "2001-12-29",
        "acceptedDate": "2001-12-28 19:00:00",
        "calendarYear": "2001",
        "period": "FY",
        "revenue": 3803300000,
        "costOfRevenue": 2563100000,
        "grossProfit": 1240200000,
        "grossProfitRatio": 0.3260852417637315,
        "researchAndDevelopmentExpenses": 0,
        "generalAndAdministrativeExpenses": 0,
        "sellingAndMarketingExpenses": 0,
        "sellingGeneralAndAdministrativeExpenses": 830500000,
        "otherExpenses": 0,
        "operatingExpenses": 830500000,
        "costAndExpenses": 3393600000,
        "interestIncome": 0,
        "interestExpense": 0,
        "depreciationAndAmortization": 156000000,
        "ebitda": 515600000,
        "ebitdaratio": 0.13556648173954197,
        "operatingIncome": 409700000,
        "operatingIncomeRatio": 0.10772224121157942,
        "totalOtherIncomeExpensesNet": -49900000,
        "incomeBeforeTax": 359800000,
        "incomeBeforeTaxRatio": 0.09460205610916836,
        "incomeTaxExpense": 116400000,
        "netIncome": 243200000,
        "netIncomeRatio": 0.06394446927668078,
        "eps": 2.49,
        "epsdiluted": 2.47,
        "weightedAverageShsOut": 97800000,
        "weightedAverageShsOutDil": 98600000,
        "link": "",
        "finalLink": ""
    },
    {
        "date": "2000-12-30",
        "symbol": "AVY",
        "reportedCurrency": "USD",
        "cik": "0000008818",
        "fillingDate": "2000-12-30",
        "acceptedDate": "2000-12-29 19:00:00",
        "calendarYear": "2000",
        "period": "FY",
        "revenue": 3893500000,
        "costOfRevenue": 2404400000,
        "grossProfit": 1489100000,
        "grossProfitRatio": 0.38245794272505457,
        "researchAndDevelopmentExpenses": 0,
        "generalAndAdministrativeExpenses": 0,
        "sellingAndMarketingExpenses": 0,
        "sellingGeneralAndAdministrativeExpenses": 851300000,
        "otherExpenses": 156900000,
        "operatingExpenses": 1008200000,
        "costAndExpenses": 3412600000,
        "interestIncome": 0,
        "interestExpense": 0,
        "depreciationAndAmortization": 156900000,
        "ebitda": 583200000,
        "ebitdaratio": 0.14978810838577117,
        "operatingIncome": 480900000,
        "operatingIncomeRatio": 0.12351354822139463,
        "totalOtherIncomeExpensesNet": -54600000,
        "incomeBeforeTax": 426300000,
        "incomeBeforeTaxRatio": 0.1094901759342494,
        "incomeTaxExpense": 142800000,
        "netIncome": 283500000,
        "netIncomeRatio": 0.07281366379863875,
        "eps": 2.88,
        "epsdiluted": 2.84,
        "weightedAverageShsOut": 98300000,
        "weightedAverageShsOutDil": 99800000,
        "link": "",
        "finalLink": ""
    },
    {
        "date": "2000-01-01",
        "symbol": "AVY",
        "reportedCurrency": "USD",
        "cik": "0000008818",
        "fillingDate": "2000-01-01",
        "acceptedDate": "1999-12-31 19:00:00",
        "calendarYear": "1999",
        "period": "FY",
        "revenue": 3768200000,
        "costOfRevenue": 2336400000,
        "grossProfit": 1431800000,
        "grossProfitRatio": 0.37996921607133377,
        "researchAndDevelopmentExpenses": 0,
        "generalAndAdministrativeExpenses": 0,
        "sellingAndMarketingExpenses": 0,
        "sellingGeneralAndAdministrativeExpenses": 842600000,
        "otherExpenses": 150400000,
        "operatingExpenses": 993000000,
        "costAndExpenses": 3329400000,
        "interestIncome": 0,
        "interestExpense": 0,
        "depreciationAndAmortization": 150400000,
        "ebitda": 480800000,
        "ebitdaratio": 0.12759407674751871,
        "operatingIncome": 438800000,
        "operatingIncomeRatio": 0.11644817154078871,
        "totalOtherIncomeExpensesNet": -108400000,
        "incomeBeforeTax": 330400000,
        "incomeBeforeTaxRatio": 0.08768112095960937,
        "incomeTaxExpense": 115000000,
        "netIncome": 215400000,
        "netIncomeRatio": 0.057162570988801016,
        "eps": 2.17,
        "epsdiluted": 2.13,
        "weightedAverageShsOut": 99200000,
        "weightedAverageShsOutDil": 101300000,
        "link": "",
        "finalLink": ""
    },
    {
        "date": "1999-01-02",
        "symbol": "AVY",
        "reportedCurrency": "USD",
        "cik": "0000008818",
        "fillingDate": "1999-01-02",
        "acceptedDate": "1999-01-01 19:00:00",
        "calendarYear": "1998",
        "period": "FY",
        "revenue": 3459900000,
        "costOfRevenue": 2188200000,
        "grossProfit": 1271700000,
        "grossProfitRatio": 0.3675539755484263,
        "researchAndDevelopmentExpenses": 0,
        "generalAndAdministrativeExpenses": 0,
        "sellingAndMarketingExpenses": 0,
        "sellingGeneralAndAdministrativeExpenses": 773200000,
        "otherExpenses": 127200000,
        "operatingExpenses": 900400000,
        "costAndExpenses": 3088600000,
        "interestIncome": 0,
        "interestExpense": 0,
        "depreciationAndAmortization": 127200000,
        "ebitda": 463900000,
        "ebitdaratio": 0.13407901962484464,
        "operatingIncome": 371300000,
        "operatingIncomeRatio": 0.10731524032486488,
        "totalOtherIncomeExpensesNet": -34600000,
        "incomeBeforeTax": 336700000,
        "incomeBeforeTaxRatio": 0.09731495129917049,
        "incomeTaxExpense": 113400000,
        "netIncome": 223300000,
        "netIncomeRatio": 0.06453943755599872,
        "eps": 2.2,
        "epsdiluted": 2.15,
        "weightedAverageShsOut": 101500000,
        "weightedAverageShsOutDil": 104100000,
        "link": "",
        "finalLink": ""
    },
    {
        "date": "1997-12-27",
        "symbol": "AVY",
        "reportedCurrency": "USD",
        "cik": "0000008818",
        "fillingDate": "1997-12-27",
        "acceptedDate": "1997-12-26 19:00:00",
        "calendarYear": "1997",
        "period": "FY",
        "revenue": 3345700000,
        "costOfRevenue": 2146200000,
        "grossProfit": 1199500000,
        "grossProfitRatio": 0.35851989120363453,
        "researchAndDevelopmentExpenses": 0,
        "generalAndAdministrativeExpenses": 0,
        "sellingAndMarketingExpenses": 0,
        "sellingGeneralAndAdministrativeExpenses": 739800000,
        "otherExpenses": 116800000,
        "operatingExpenses": 856600000,
        "costAndExpenses": 3002800000,
        "interestIncome": 0,
        "interestExpense": 0,
        "depreciationAndAmortization": 116800000,
        "ebitda": 428000000,
        "ebitdaratio": 0.12792539677795378,
        "operatingIncome": 342900000,
        "operatingIncomeRatio": 0.10248976297934663,
        "totalOtherIncomeExpensesNet": -31700000,
        "incomeBeforeTax": 311200000,
        "incomeBeforeTaxRatio": 0.09301491466658696,
        "incomeTaxExpense": 106400000,
        "netIncome": 204800000,
        "netIncomeRatio": 0.061212900140478824,
        "eps": 1.99,
        "epsdiluted": 1.93,
        "weightedAverageShsOut": 103100000,
        "weightedAverageShsOutDil": 106100000,
        "link": "",
        "finalLink": ""
    },
    {
        "date": "1996-12-28",
        "symbol": "AVY",
        "reportedCurrency": "USD",
        "cik": "0000008818",
        "fillingDate": "1996-12-28",
        "acceptedDate": "1996-12-27 19:00:00",
        "calendarYear": "1996",
        "period": "FY",
        "revenue": 3222500000,
        "costOfRevenue": 2090800000,
        "grossProfit": 1131700000,
        "grossProfitRatio": 0.35118696664080684,
        "researchAndDevelopmentExpenses": 0,
        "generalAndAdministrativeExpenses": 0,
        "sellingAndMarketingExpenses": 0,
        "sellingGeneralAndAdministrativeExpenses": 712400000,
        "otherExpenses": 113400000,
        "operatingExpenses": 825800000,
        "costAndExpenses": 2916600000,
        "interestIncome": 0,
        "interestExpense": 0,
        "depreciationAndAmortization": 113400000,
        "ebitda": 384000000,
        "ebitdaratio": 0.1191621411947246,
        "operatingIncome": 305900000,
        "operatingIncomeRatio": 0.09492629945694336,
        "totalOtherIncomeExpensesNet": -35300000,
        "incomeBeforeTax": 270600000,
        "incomeBeforeTaxRatio": 0.08397207137315749,
        "incomeTaxExpense": 94700000,
        "netIncome": 175900000,
        "netIncomeRatio": 0.05458494957331265,
        "eps": 1.68,
        "epsdiluted": 1.62,
        "weightedAverageShsOut": 105000000,
        "weightedAverageShsOutDil": 108300000,
        "link": "",
        "finalLink": ""
    },
    {
        "date": "1995-12-31",
        "symbol": "AVY",
        "reportedCurrency": "USD",
        "cik": "0000008818",
        "fillingDate": "1995-12-31",
        "acceptedDate": "1995-12-30 19:00:00",
        "calendarYear": "1995",
        "period": "FY",
        "revenue": 3113900000,
        "costOfRevenue": 2048700000,
        "grossProfit": 1065200000,
        "grossProfitRatio": 0.34207906483830564,
        "researchAndDevelopmentExpenses": 0,
        "generalAndAdministrativeExpenses": 0,
        "sellingAndMarketingExpenses": 0,
        "sellingGeneralAndAdministrativeExpenses": 689800000,
        "otherExpenses": 107900000,
        "operatingExpenses": 797700000,
        "costAndExpenses": 2846400000,
        "interestIncome": 0,
        "interestExpense": 0,
        "depreciationAndAmortization": 107900000,
        "ebitda": 332600000,
        "ebitdaratio": 0.10681139407174282,
        "operatingIncome": 267500000,
        "operatingIncomeRatio": 0.08590513503966088,
        "totalOtherIncomeExpensesNet": -42800000,
        "incomeBeforeTax": 224700000,
        "incomeBeforeTaxRatio": 0.07216031343331514,
        "incomeTaxExpense": 81000000,
        "netIncome": 143700000,
        "netIncomeRatio": 0.046147917402614085,
        "eps": 1.35,
        "epsdiluted": 1.35,
        "weightedAverageShsOut": 106600000,
        "weightedAverageShsOutDil": 106600000,
        "link": "",
        "finalLink": ""
    },
    {
        "date": "1994-12-31",
        "symbol": "AVY",
        "reportedCurrency": "USD",
        "cik": "0000008818",
        "fillingDate": "1995-03-30",
        "acceptedDate": "1995-03-30 00:00:00",
        "calendarYear": "1994",
        "period": "FY",
        "revenue": 2856700000,
        "costOfRevenue": 1846400000,
        "grossProfit": 1010300000,
        "grossProfitRatio": 0.3536598172716771,
        "researchAndDevelopmentExpenses": 0,
        "generalAndAdministrativeExpenses": 0,
        "sellingAndMarketingExpenses": 0,
        "sellingGeneralAndAdministrativeExpenses": 691900000,
        "otherExpenses": 102500000,
        "operatingExpenses": 794400000,
        "costAndExpenses": 2640800000,
        "interestIncome": 0,
        "interestExpense": 0,
        "depreciationAndAmortization": 102500000,
        "ebitda": 275400000,
        "ebitdaratio": 0.09640494276612875,
        "operatingIncome": 215900000,
        "operatingIncomeRatio": 0.07557671439073056,
        "totalOtherIncomeExpensesNet": -43000000,
        "incomeBeforeTax": 172900000,
        "incomeBeforeTaxRatio": 0.06052438127909826,
        "incomeTaxExpense": 63500000,
        "netIncome": 109400000,
        "netIncomeRatio": 0.03829593587005986,
        "eps": 0.985,
        "epsdiluted": 0.985,
        "weightedAverageShsOut": 111200000,
        "weightedAverageShsOutDil": 111200000,
        "link": "https://www.sec.gov/Archives/edgar/data/8818/000089843095000424/0000898430-95-000424-index.html",
        "finalLink": "https://www.sec.gov/Archives/edgar/data/8818/0000898430-95-000424.txt"
    },
    {
        "date": "1993-12-31",
        "symbol": "AVY",
        "reportedCurrency": "USD",
        "cik": "0000008818",
        "fillingDate": "1993-12-31",
        "acceptedDate": "1993-12-30 19:00:00",
        "calendarYear": "1993",
        "period": "FY",
        "revenue": 2608700000,
        "costOfRevenue": 1695200000,
        "grossProfit": 913500000,
        "grossProfitRatio": 0.3501744163759727,
        "researchAndDevelopmentExpenses": 0,
        "generalAndAdministrativeExpenses": 0,
        "sellingAndMarketingExpenses": 0,
        "sellingGeneralAndAdministrativeExpenses": 642700000,
        "otherExpenses": 95400000,
        "operatingExpenses": 738100000,
        "costAndExpenses": 2433300000,
        "interestIncome": 0,
        "interestExpense": 0,
        "depreciationAndAmortization": 95400000,
        "ebitda": 228700000,
        "ebitdaratio": 0.08766818721968797,
        "operatingIncome": 175400000,
        "operatingIncomeRatio": 0.06723655460574232,
        "totalOtherIncomeExpensesNet": -43200000,
        "incomeBeforeTax": 132200000,
        "incomeBeforeTaxRatio": 0.050676582205696326,
        "incomeTaxExpense": 48900000,
        "netIncome": 84400000,
        "netIncomeRatio": 0.03235327941120098,
        "eps": 0.37,
        "epsdiluted": 0.37,
        "weightedAverageShsOut": 112388000,
        "weightedAverageShsOutDil": 112388000,
        "link": "",
        "finalLink": ""
    },
    {
        "date": "1992-12-31",
        "symbol": "AVY",
        "reportedCurrency": "USD",
        "cik": "0000008818",
        "fillingDate": "1992-12-31",
        "acceptedDate": "1992-12-30 19:00:00",
        "calendarYear": "1992",
        "period": "FY",
        "revenue": 2622900000,
        "costOfRevenue": 1690800000,
        "grossProfit": 932100000,
        "grossProfitRatio": 0.35537001029394943,
        "researchAndDevelopmentExpenses": 0,
        "generalAndAdministrativeExpenses": 0,
        "sellingAndMarketingExpenses": 0,
        "sellingGeneralAndAdministrativeExpenses": 665700000,
        "otherExpenses": 93900000,
        "operatingExpenses": 759600000,
        "costAndExpenses": 2450400000,
        "interestIncome": 0,
        "interestExpense": 0,
        "depreciationAndAmortization": 93900000,
        "ebitda": 224100000,
        "ebitdaratio": 0.08543978039574517,
        "operatingIncome": 172500000,
        "operatingIncomeRatio": 0.06576689923367265,
        "totalOtherIncomeExpensesNet": -42300000,
        "incomeBeforeTax": 130200000,
        "incomeBeforeTaxRatio": 0.049639711769415534,
        "incomeTaxExpense": 50100000,
        "netIncome": 80100000,
        "netIncomeRatio": 0.030538716687635824,
        "eps": 0.34,
        "epsdiluted": 0.34,
        "weightedAverageShsOut": 117748000,
        "weightedAverageShsOutDil": 117748000,
        "link": "",
        "finalLink": ""
    },
    {
        "date": "1991-12-31",
        "symbol": "AVY",
        "reportedCurrency": "USD",
        "cik": "0000008818",
        "fillingDate": "1991-12-31",
        "acceptedDate": "1991-12-30 19:00:00",
        "calendarYear": "1991",
        "period": "FY",
        "revenue": 2545100000,
        "costOfRevenue": 1656600000,
        "grossProfit": 888500000,
        "grossProfitRatio": 0.34910219637735257,
        "researchAndDevelopmentExpenses": 0,
        "generalAndAdministrativeExpenses": 0,
        "sellingAndMarketingExpenses": 0,
        "sellingGeneralAndAdministrativeExpenses": 653900000,
        "otherExpenses": 92300000,
        "operatingExpenses": 746200000,
        "costAndExpenses": 2402800000,
        "interestIncome": 0,
        "interestExpense": 0,
        "depreciationAndAmortization": 92300000,
        "ebitda": 197100000,
        "ebitdaratio": 0.07744292955090173,
        "operatingIncome": 142300000,
        "operatingIncomeRatio": 0.05591135908215787,
        "totalOtherIncomeExpensesNet": -37500000,
        "incomeBeforeTax": 104800000,
        "incomeBeforeTaxRatio": 0.041177163962123293,
        "incomeTaxExpense": 41800000,
        "netIncome": 63000000,
        "netIncomeRatio": 0.02475344780165809,
        "eps": 0.26,
        "epsdiluted": 0.26,
        "weightedAverageShsOut": 124126000,
        "weightedAverageShsOutDil": 124126000,
        "link": "",
        "finalLink": ""
    },
    {
        "date": "1990-12-31",
        "symbol": "AVY",
        "reportedCurrency": "USD",
        "cik": "0000008818",
        "fillingDate": "1990-12-31",
        "acceptedDate": "1990-12-30 19:00:00",
        "calendarYear": "1990",
        "period": "FY",
        "revenue": 2590200000,
        "costOfRevenue": 1691800000,
        "grossProfit": 898400000,
        "grossProfitRatio": 0.34684580341286386,
        "researchAndDevelopmentExpenses": 0,
        "generalAndAdministrativeExpenses": 0,
        "sellingAndMarketingExpenses": 0,
        "sellingGeneralAndAdministrativeExpenses": 752700000,
        "otherExpenses": 90100000,
        "operatingExpenses": 842800000,
        "costAndExpenses": 2534600000,
        "interestIncome": 0,
        "interestExpense": 0,
        "depreciationAndAmortization": 90100000,
        "ebitda": 105700000,
        "ebitdaratio": 0.04080765964018222,
        "operatingIncome": 55600000,
        "operatingIncomeRatio": 0.021465523897768513,
        "totalOtherIncomeExpensesNet": -40000000,
        "incomeBeforeTax": 15600000,
        "incomeBeforeTaxRatio": 0.006022700949733611,
        "incomeTaxExpense": 9700000,
        "netIncome": 5900000,
        "netIncomeRatio": 0.002277816384835148,
        "eps": 0.03,
        "epsdiluted": 0.03,
        "weightedAverageShsOut": 123962000,
        "weightedAverageShsOutDil": 123962000,
        "link": "",
        "finalLink": ""
    },
    {
        "date": "1989-11-30",
        "symbol": "AVY",
        "reportedCurrency": "USD",
        "cik": "0000008818",
        "fillingDate": "1989-11-30",
        "acceptedDate": "1989-11-29 19:00:00",
        "calendarYear": "1989",
        "period": "FY",
        "revenue": 1732400000,
        "costOfRevenue": 1142600000,
        "grossProfit": 589800000,
        "grossProfitRatio": 0.3404525513738167,
        "researchAndDevelopmentExpenses": 0,
        "generalAndAdministrativeExpenses": 0,
        "sellingAndMarketingExpenses": 0,
        "sellingGeneralAndAdministrativeExpenses": 385300000,
        "otherExpenses": 42900000,
        "operatingExpenses": 428200000,
        "costAndExpenses": 1570800000,
        "interestIncome": 0,
        "interestExpense": 0,
        "depreciationAndAmortization": 42900000,
        "ebitda": 182000000,
        "ebitdaratio": 0.10505656892172709,
        "operatingIncome": 161600000,
        "operatingIncomeRatio": 0.09328099746017086,
        "totalOtherIncomeExpensesNet": -22500000,
        "incomeBeforeTax": 139100000,
        "incomeBeforeTaxRatio": 0.08029323481874856,
        "incomeTaxExpense": 52600000,
        "netIncome": 86500000,
        "netIncomeRatio": 0.04993073193257908,
        "eps": 0.49,
        "epsdiluted": 0.49,
        "weightedAverageShsOut": 88464000,
        "weightedAverageShsOutDil": 88464000,
        "link": "",
        "finalLink": ""
    },
    {
        "date": "1988-11-30",
        "symbol": "AVY",
        "reportedCurrency": "USD",
        "cik": "0000008818",
        "fillingDate": "1988-11-30",
        "acceptedDate": "1988-11-29 19:00:00",
        "calendarYear": "1988",
        "period": "FY",
        "revenue": 1582000000,
        "costOfRevenue": 1023300000,
        "grossProfit": 558700000,
        "grossProfitRatio": 0.3531605562579014,
        "researchAndDevelopmentExpenses": 0,
        "generalAndAdministrativeExpenses": 0,
        "sellingAndMarketingExpenses": 0,
        "sellingGeneralAndAdministrativeExpenses": 367700000,
        "otherExpenses": 39300000,
        "operatingExpenses": 407000000,
        "costAndExpenses": 1430300000,
        "interestIncome": 0,
        "interestExpense": 0,
        "depreciationAndAmortization": 39300000,
        "ebitda": 167100000,
        "ebitdaratio": 0.10562579013906448,
        "operatingIncome": 151700000,
        "operatingIncomeRatio": 0.09589127686472819,
        "totalOtherIncomeExpensesNet": -23900000,
        "incomeBeforeTax": 127800000,
        "incomeBeforeTaxRatio": 0.08078381795195955,
        "incomeTaxExpense": 50100000,
        "netIncome": 77700000,
        "netIncomeRatio": 0.04911504424778761,
        "eps": 0.45,
        "epsdiluted": 0.45,
        "weightedAverageShsOut": 88162000,
        "weightedAverageShsOutDil": 88162000,
        "link": "",
        "finalLink": ""
    },
    {
        "date": "1987-11-30",
        "symbol": "AVY",
        "reportedCurrency": "USD",
        "cik": "0000008818",
        "fillingDate": "1987-11-30",
        "acceptedDate": "1987-11-29 19:00:00",
        "calendarYear": "1987",
        "period": "FY",
        "revenue": 1465500000,
        "costOfRevenue": 945000000,
        "grossProfit": 520500000,
        "grossProfitRatio": 0.35516888433981575,
        "researchAndDevelopmentExpenses": 0,
        "generalAndAdministrativeExpenses": 0,
        "sellingAndMarketingExpenses": 0,
        "sellingGeneralAndAdministrativeExpenses": 359500000,
        "otherExpenses": 36300000,
        "operatingExpenses": 395800000,
        "costAndExpenses": 1340800000,
        "interestIncome": 0,
        "interestExpense": 0,
        "depreciationAndAmortization": 36300000,
        "ebitda": 114200000,
        "ebitdaratio": 0.07792562265438417,
        "operatingIncome": 124700000,
        "operatingIncomeRatio": 0.08509041282838621,
        "totalOtherIncomeExpensesNet": -46800000,
        "incomeBeforeTax": 77900000,
        "incomeBeforeTaxRatio": 0.05315591948140566,
        "incomeTaxExpense": 43200000,
        "netIncome": 34700000,
        "netIncomeRatio": 0.023677925622654385,
        "eps": 0.21,
        "epsdiluted": 0.21,
        "weightedAverageShsOut": 85330000,
        "weightedAverageShsOutDil": 85330000,
        "link": "",
        "finalLink": ""
    },
    {
        "date": "1986-11-30",
        "symbol": "AVY",
        "reportedCurrency": "USD",
        "cik": "0000008818",
        "fillingDate": "1986-11-30",
        "acceptedDate": "1986-11-29 19:00:00",
        "calendarYear": "1986",
        "period": "FY",
        "revenue": 1131200000,
        "costOfRevenue": 730100000,
        "grossProfit": 401100000,
        "grossProfitRatio": 0.35457920792079206,
        "researchAndDevelopmentExpenses": 0,
        "generalAndAdministrativeExpenses": 0,
        "sellingAndMarketingExpenses": 0,
        "sellingGeneralAndAdministrativeExpenses": 273100000,
        "otherExpenses": 26600000,
        "operatingExpenses": 299700000,
        "costAndExpenses": 1029800000,
        "interestIncome": 0,
        "interestExpense": 0,
        "depreciationAndAmortization": 26600000,
        "ebitda": 114200000,
        "ebitdaratio": 0.10095473833097596,
        "operatingIncome": 101400000,
        "operatingIncomeRatio": 0.08963932107496464,
        "totalOtherIncomeExpensesNet": -13800000,
        "incomeBeforeTax": 87600000,
        "incomeBeforeTaxRatio": 0.07743988684582744,
        "incomeTaxExpense": 39000000,
        "netIncome": 48600000,
        "netIncomeRatio": 0.04296322489391796,
        "eps": 0.155,
        "epsdiluted": 0.155,
        "weightedAverageShsOut": 79704000,
        "weightedAverageShsOutDil": 79704000,
        "link": "",
        "finalLink": ""
    },
    {
        "date": "1985-11-30",
        "symbol": "AVY",
        "reportedCurrency": "USD",
        "cik": "0000008818",
        "fillingDate": "1985-11-30",
        "acceptedDate": "1985-11-29 19:00:00",
        "calendarYear": "1985",
        "period": "FY",
        "revenue": 932700000,
        "costOfRevenue": 599800000,
        "grossProfit": 332900000,
        "grossProfitRatio": 0.35692076766377184,
        "researchAndDevelopmentExpenses": 0,
        "generalAndAdministrativeExpenses": 0,
        "sellingAndMarketingExpenses": 0,
        "sellingGeneralAndAdministrativeExpenses": 219000000,
        "otherExpenses": 21000000,
        "operatingExpenses": 240000000,
        "costAndExpenses": 839800000,
        "interestIncome": 0,
        "interestExpense": 0,
        "depreciationAndAmortization": 21000000,
        "ebitda": 103700000,
        "ebitdaratio": 0.11118258818483971,
        "operatingIncome": 92900000,
        "operatingIncomeRatio": 0.09960330224080625,
        "totalOtherIncomeExpensesNet": -10200000,
        "incomeBeforeTax": 82700000,
        "incomeBeforeTaxRatio": 0.08866730996033022,
        "incomeTaxExpense": 34400000,
        "netIncome": 48300000,
        "netIncomeRatio": 0.051785139916371827,
        "eps": 0.155,
        "epsdiluted": 0.155,
        "weightedAverageShsOut": 79388000,
        "weightedAverageShsOutDil": 79388000,
        "link": "",
        "finalLink": ""
    }
]