[
    {
        "date": "2021-12-31",
        "symbol": "AXP",
        "reportedCurrency": "USD",
        "cik": "0000004962",
        "fillingDate": "2022-02-11",
        "acceptedDate": "2022-02-11 15:42:21",
        "calendarYear": "2021",
        "period": "FY",
        "revenue": 43147000000,
        "costOfRevenue": 0,
        "grossProfit": 0,
        "grossProfitRatio": 0,
        "researchAndDevelopmentExpenses": 0,
        "generalAndAdministrativeExpenses": 6240000000,
        "sellingAndMarketingExpenses": 9053000000,
        "sellingGeneralAndAdministrativeExpenses": 15293000000,
        "otherExpenses": 0,
        "operatingExpenses": 0,
        "costAndExpenses": 0,
        "interestIncome": 9033000000,
        "interestExpense": 1283000000,
        "depreciationAndAmortization": 1695000000,
        "ebitda": 13667000000,
        "ebitdaratio": 0.31675435140334207,
        "operatingIncome": 0,
        "operatingIncomeRatio": 0,
        "totalOtherIncomeExpensesNet": 0,
        "incomeBeforeTax": 10689000000,
        "incomeBeforeTaxRatio": 0.2477344890722414,
        "incomeTaxExpense": 2629000000,
        "netIncome": 8060000000,
        "netIncomeRatio": 0.18680325399216632,
        "eps": 10.04,
        "epsdiluted": 10.02,
        "weightedAverageShsOut": 789000000,
        "weightedAverageShsOutDil": 790000000,
        "link": "https://www.sec.gov/Archives/edgar/data/4962/000000496222000008/0000004962-22-000008-index.htm",
        "finalLink": "https://www.sec.gov/Archives/edgar/data/4962/000000496222000008/axp-20211231.htm"
    },
    {
        "date": "2020-12-31",
        "symbol": "AXP",
        "reportedCurrency": "USD",
        "cik": "0000004962",
        "fillingDate": "2021-02-12",
        "acceptedDate": "2021-02-12 14:26:54",
        "calendarYear": "2020",
        "period": "FY",
        "revenue": 36087000000,
        "costOfRevenue": 0,
        "grossProfit": 0,
        "grossProfitRatio": 0,
        "researchAndDevelopmentExpenses": 0,
        "generalAndAdministrativeExpenses": 5718000000,
        "sellingAndMarketingExpenses": 6747000000,
        "sellingGeneralAndAdministrativeExpenses": 12465000000,
        "otherExpenses": 0,
        "operatingExpenses": 0,
        "costAndExpenses": 0,
        "interestIncome": 10083000000,
        "interestExpense": 2098000000,
        "depreciationAndAmortization": 1543000000,
        "ebitda": 7937000000,
        "ebitdaratio": 0.21994069886662787,
        "operatingIncome": 0,
        "operatingIncomeRatio": 0,
        "totalOtherIncomeExpensesNet": 0,
        "incomeBeforeTax": 4296000000,
        "incomeBeforeTaxRatio": 0.11904563970404855,
        "incomeTaxExpense": 1161000000,
        "netIncome": 3135000000,
        "netIncomeRatio": 0.0868733893091695,
        "eps": 3.77,
        "epsdiluted": 3.77,
        "weightedAverageShsOut": 805000000,
        "weightedAverageShsOutDil": 806000000,
        "link": "https://www.sec.gov/Archives/edgar/data/4962/000000496221000013/0000004962-21-000013-index.htm",
        "finalLink": "https://www.sec.gov/Archives/edgar/data/4962/000000496221000013/axp-20201231.htm"
    },
    {
        "date": "2019-12-31",
        "symbol": "AXP",
        "reportedCurrency": "USD",
        "cik": "0000004962",
        "fillingDate": "2020-02-13",
        "acceptedDate": "2020-02-13 16:04:42",
        "calendarYear": "2019",
        "period": "FY",
        "revenue": 43556000000,
        "costOfRevenue": 0,
        "grossProfit": 0,
        "grossProfitRatio": 0,
        "researchAndDevelopmentExpenses": 0,
        "generalAndAdministrativeExpenses": 5911000000,
        "sellingAndMarketingExpenses": 7114000000,
        "sellingGeneralAndAdministrativeExpenses": 13025000000,
        "otherExpenses": 0,
        "operatingExpenses": 0,
        "costAndExpenses": 0,
        "interestIncome": 12084000000,
        "interestExpense": 3464000000,
        "depreciationAndAmortization": 1188000000,
        "ebitda": 13081000000,
        "ebitdaratio": 0.30032601708145834,
        "operatingIncome": 0,
        "operatingIncomeRatio": 0,
        "totalOtherIncomeExpensesNet": 0,
        "incomeBeforeTax": 8429000000,
        "incomeBeforeTaxRatio": 0.19352098447975022,
        "incomeTaxExpense": 1670000000,
        "netIncome": 6759000000,
        "netIncomeRatio": 0.15517953898429607,
        "eps": 8,
        "epsdiluted": 7.99,
        "weightedAverageShsOut": 828000000,
        "weightedAverageShsOutDil": 830000000,
        "link": "https://www.sec.gov/Archives/edgar/data/4962/000000496220000030/0000004962-20-000030-index.htm",
        "finalLink": "https://www.sec.gov/Archives/edgar/data/4962/000000496220000030/axp-20191231.htm"
    },
    {
        "date": "2018-12-31",
        "symbol": "AXP",
        "reportedCurrency": "USD",
        "cik": "0000004962",
        "fillingDate": "2019-02-13",
        "acceptedDate": "2019-02-13 17:21:47",
        "calendarYear": "2018",
        "period": "FY",
        "revenue": 40315000000,
        "costOfRevenue": 0,
        "grossProfit": 0,
        "grossProfitRatio": 0,
        "researchAndDevelopmentExpenses": 0,
        "generalAndAdministrativeExpenses": 5250000000,
        "sellingAndMarketingExpenses": 6470000000,
        "sellingGeneralAndAdministrativeExpenses": 11720000000,
        "otherExpenses": 0,
        "operatingExpenses": 0,
        "costAndExpenses": 0,
        "interestIncome": 10606000000,
        "interestExpense": 2943000000,
        "depreciationAndAmortization": 1293000000,
        "ebitda": 12358000000,
        "ebitdaratio": 0.3065360287734094,
        "operatingIncome": 0,
        "operatingIncomeRatio": 0,
        "totalOtherIncomeExpensesNet": 0,
        "incomeBeforeTax": 8122000000,
        "incomeBeforeTaxRatio": 0.20146347513332508,
        "incomeTaxExpense": 1201000000,
        "netIncome": 6921000000,
        "netIncomeRatio": 0.17167307453801314,
        "eps": 7.93,
        "epsdiluted": 7.91,
        "weightedAverageShsOut": 856000000,
        "weightedAverageShsOutDil": 859000000,
        "link": "https://www.sec.gov/Archives/edgar/data/4962/000000496219000018/0000004962-19-000018-index.htm",
        "finalLink": "https://www.sec.gov/Archives/edgar/data/4962/000000496219000018/axp201810k.htm"
    },
    {
        "date": "2017-12-31",
        "symbol": "AXP",
        "reportedCurrency": "USD",
        "cik": "0000004962",
        "fillingDate": "2018-02-16",
        "acceptedDate": "2018-02-16 16:54:58",
        "calendarYear": "2017",
        "period": "FY",
        "revenue": 33471000000,
        "costOfRevenue": 0,
        "grossProfit": 0,
        "grossProfitRatio": 0,
        "researchAndDevelopmentExpenses": 0,
        "generalAndAdministrativeExpenses": 5258000000,
        "sellingAndMarketingExpenses": 3217000000,
        "sellingGeneralAndAdministrativeExpenses": 8475000000,
        "otherExpenses": 0,
        "operatingExpenses": 0,
        "costAndExpenses": 0,
        "interestIncome": 8553000000,
        "interestExpense": 2112000000,
        "depreciationAndAmortization": 1321000000,
        "ebitda": 10847000000,
        "ebitdaratio": 0.3240715843566072,
        "operatingIncome": 0,
        "operatingIncomeRatio": 0,
        "totalOtherIncomeExpensesNet": 0,
        "incomeBeforeTax": 7414000000,
        "incomeBeforeTaxRatio": 0.22150518359176602,
        "incomeTaxExpense": 4678000000,
        "netIncome": 2736000000,
        "netIncomeRatio": 0.08174240387200861,
        "eps": 2.98,
        "epsdiluted": 2.97,
        "weightedAverageShsOut": 883000000,
        "weightedAverageShsOutDil": 886000000,
        "link": "https://www.sec.gov/Archives/edgar/data/4962/000000496218000032/0000004962-18-000032-index.htm",
        "finalLink": "https://www.sec.gov/Archives/edgar/data/4962/000000496218000032/axp201710k.htm"
    },
    {
        "date": "2016-12-31",
        "symbol": "AXP",
        "reportedCurrency": "USD",
        "cik": "0000004962",
        "fillingDate": "2017-02-17",
        "acceptedDate": "2017-02-17 11:45:00",
        "calendarYear": "2016",
        "period": "FY",
        "revenue": 33337000000,
        "costOfRevenue": 0,
        "grossProfit": 0,
        "grossProfitRatio": 0,
        "researchAndDevelopmentExpenses": 0,
        "generalAndAdministrativeExpenses": 5259000000,
        "sellingAndMarketingExpenses": 3650000000,
        "sellingGeneralAndAdministrativeExpenses": 8909000000,
        "otherExpenses": 0,
        "operatingExpenses": 0,
        "costAndExpenses": 0,
        "interestIncome": 7475000000,
        "interestExpense": 1704000000,
        "depreciationAndAmortization": 1095000000,
        "ebitda": 10895000000,
        "ebitdaratio": 0.32681405045445,
        "operatingIncome": 0,
        "operatingIncomeRatio": 0,
        "totalOtherIncomeExpensesNet": 0,
        "incomeBeforeTax": 8096000000,
        "incomeBeforeTaxRatio": 0.24285328613852475,
        "incomeTaxExpense": 2688000000,
        "netIncome": 5408000000,
        "netIncomeRatio": 0.16222215556288808,
        "eps": 5.67,
        "epsdiluted": 5.65,
        "weightedAverageShsOut": 933000000,
        "weightedAverageShsOutDil": 935000000,
        "link": "https://www.sec.gov/Archives/edgar/data/4962/000119312517047588/0001193125-17-047588-index.htm",
        "finalLink": "https://www.sec.gov/Archives/edgar/data/4962/000119312517047588/d321397d10k.htm"
    },
    {
        "date": "2015-12-31",
        "symbol": "AXP",
        "reportedCurrency": "USD",
        "cik": "0000004962",
        "fillingDate": "2016-02-19",
        "acceptedDate": "2016-02-19 14:36:25",
        "calendarYear": "2015",
        "period": "FY",
        "revenue": 32757000000,
        "costOfRevenue": 0,
        "grossProfit": 0,
        "grossProfitRatio": 0,
        "researchAndDevelopmentExpenses": 0,
        "generalAndAdministrativeExpenses": 4976000000,
        "sellingAndMarketingExpenses": 3109000000,
        "sellingGeneralAndAdministrativeExpenses": 8085000000,
        "otherExpenses": 0,
        "operatingExpenses": 0,
        "costAndExpenses": 0,
        "interestIncome": 7545000000,
        "interestExpense": 1623000000,
        "depreciationAndAmortization": 1043000000,
        "ebitda": 10604000000,
        "ebitdaratio": 0.32371706810758005,
        "operatingIncome": 0,
        "operatingIncomeRatio": 0,
        "totalOtherIncomeExpensesNet": 0,
        "incomeBeforeTax": 7938000000,
        "incomeBeforeTaxRatio": 0.2423298836889825,
        "incomeTaxExpense": 2775000000,
        "netIncome": 5163000000,
        "netIncomeRatio": 0.1576151662240132,
        "eps": 5.07,
        "epsdiluted": 5.05,
        "weightedAverageShsOut": 999000000,
        "weightedAverageShsOutDil": 1003000000,
        "link": "https://www.sec.gov/Archives/edgar/data/4962/000119312516469798/0001193125-16-469798-index.htm",
        "finalLink": "https://www.sec.gov/Archives/edgar/data/4962/000119312516469798/d131774d10k.htm"
    },
    {
        "date": "2014-12-31",
        "symbol": "AXP",
        "reportedCurrency": "USD",
        "cik": "0000004962",
        "fillingDate": "2015-02-24",
        "acceptedDate": "2015-02-23 19:00:00",
        "calendarYear": "2014",
        "period": "FY",
        "revenue": 33548000000,
        "costOfRevenue": 0,
        "grossProfit": 0,
        "grossProfitRatio": 0,
        "researchAndDevelopmentExpenses": 0,
        "generalAndAdministrativeExpenses": 6095000000,
        "sellingAndMarketingExpenses": 11073000000,
        "sellingGeneralAndAdministrativeExpenses": 17168000000,
        "otherExpenses": 0,
        "operatingExpenses": 0,
        "costAndExpenses": 0,
        "interestIncome": 7179000000,
        "interestExpense": 1707000000,
        "depreciationAndAmortization": 1012000000,
        "ebitda": 11710000000,
        "ebitdaratio": 0.349052104447359,
        "operatingIncome": 0,
        "operatingIncomeRatio": 0,
        "totalOtherIncomeExpensesNet": 0,
        "incomeBeforeTax": 8991000000,
        "incomeBeforeTaxRatio": 0.26800405389292953,
        "incomeTaxExpense": 3106000000,
        "netIncome": 5885000000,
        "netIncomeRatio": 0.17542029331107667,
        "eps": 5.58,
        "epsdiluted": 5.56,
        "weightedAverageShsOut": 1045000000,
        "weightedAverageShsOutDil": 1051000000,
        "link": "https://www.sec.gov/Archives/edgar/data/4962/000119312515059931/0001193125-15-059931-index.htm",
        "finalLink": "https://www.sec.gov/Archives/edgar/data/4962/000119312515059931/d862737d10k.htm"
    },
    {
        "date": "2013-12-31",
        "symbol": "AXP",
        "reportedCurrency": "USD",
        "cik": "0000004962",
        "fillingDate": "2014-02-25",
        "acceptedDate": "2014-02-24 19:00:00",
        "calendarYear": "2013",
        "period": "FY",
        "revenue": 32970000000,
        "costOfRevenue": 0,
        "grossProfit": 0,
        "grossProfitRatio": 0,
        "researchAndDevelopmentExpenses": 0,
        "generalAndAdministrativeExpenses": 6191000000,
        "sellingAndMarketingExpenses": 10267000000,
        "sellingGeneralAndAdministrativeExpenses": 16458000000,
        "otherExpenses": 0,
        "operatingExpenses": 0,
        "costAndExpenses": 0,
        "interestIncome": 7005000000,
        "interestExpense": 1958000000,
        "depreciationAndAmortization": 1020000000,
        "ebitda": 10866000000,
        "ebitdaratio": 0.32957233848953593,
        "operatingIncome": 0,
        "operatingIncomeRatio": 0,
        "totalOtherIncomeExpensesNet": 0,
        "incomeBeforeTax": 7888000000,
        "incomeBeforeTaxRatio": 0.23924780103124052,
        "incomeTaxExpense": 2529000000,
        "netIncome": 5359000000,
        "netIncomeRatio": 0.16254170457992115,
        "eps": 4.91,
        "epsdiluted": 4.88,
        "weightedAverageShsOut": 1082000000,
        "weightedAverageShsOutDil": 1089000000,
        "link": "https://www.sec.gov/Archives/edgar/data/4962/000119312514066777/0001193125-14-066777-index.htm",
        "finalLink": "https://www.sec.gov/Archives/edgar/data/4962/000119312514066777/d656045d10k.htm"
    },
    {
        "date": "2012-12-31",
        "symbol": "AXP",
        "reportedCurrency": "USD",
        "cik": "0000004962",
        "fillingDate": "2013-02-22",
        "acceptedDate": "2013-02-22 09:45:18",
        "calendarYear": "2012",
        "period": "FY",
        "revenue": 31582000000,
        "costOfRevenue": 0,
        "grossProfit": 0,
        "grossProfitRatio": 0,
        "researchAndDevelopmentExpenses": 0,
        "generalAndAdministrativeExpenses": 6597000000,
        "sellingAndMarketingExpenses": 9971000000,
        "sellingGeneralAndAdministrativeExpenses": 16568000000,
        "otherExpenses": 0,
        "operatingExpenses": 0,
        "costAndExpenses": 0,
        "interestIncome": 6854000000,
        "interestExpense": 2226000000,
        "depreciationAndAmortization": 991000000,
        "ebitda": 9668000000,
        "ebitdaratio": 0.3061237413716674,
        "operatingIncome": 0,
        "operatingIncomeRatio": 0,
        "totalOtherIncomeExpensesNet": 0,
        "incomeBeforeTax": 6451000000,
        "incomeBeforeTaxRatio": 0.20426192134760307,
        "incomeTaxExpense": 1969000000,
        "netIncome": 4482000000,
        "netIncomeRatio": 0.1419162814261288,
        "eps": 3.91,
        "epsdiluted": 3.89,
        "weightedAverageShsOut": 1135000000,
        "weightedAverageShsOutDil": 1141000000,
        "link": "https://www.sec.gov/Archives/edgar/data/4962/000119312513070554/0001193125-13-070554-index.htm",
        "finalLink": "https://www.sec.gov/Archives/edgar/data/4962/000119312513070554/d486442d10k.htm"
    },
    {
        "date": "2011-12-31",
        "symbol": "AXP",
        "reportedCurrency": "USD",
        "cik": "0000004962",
        "fillingDate": "2012-02-24",
        "acceptedDate": "2012-02-24 12:34:57",
        "calendarYear": "2011",
        "period": "FY",
        "revenue": 29962000000,
        "costOfRevenue": 0,
        "grossProfit": 0,
        "grossProfitRatio": 0,
        "researchAndDevelopmentExpenses": 0,
        "generalAndAdministrativeExpenses": 6252000000,
        "sellingAndMarketingExpenses": 9930000000,
        "sellingGeneralAndAdministrativeExpenses": 16182000000,
        "otherExpenses": 0,
        "operatingExpenses": 0,
        "costAndExpenses": 0,
        "interestIncome": 6961000000,
        "interestExpense": 2320000000,
        "depreciationAndAmortization": 918000000,
        "ebitda": 10230000000,
        "ebitdaratio": 0.34143248114278085,
        "operatingIncome": 0,
        "operatingIncomeRatio": 0,
        "totalOtherIncomeExpensesNet": 0,
        "incomeBeforeTax": 6956000000,
        "incomeBeforeTaxRatio": 0.23216073693344905,
        "incomeTaxExpense": 2057000000,
        "netIncome": 4935000000,
        "netIncomeRatio": 0.1647086309325145,
        "eps": 4.14,
        "epsdiluted": 4.12,
        "weightedAverageShsOut": 1178000000,
        "weightedAverageShsOutDil": 1184000000,
        "link": "https://www.sec.gov/Archives/edgar/data/4962/000119312512077400/0001193125-12-077400-index.htm",
        "finalLink": "https://www.sec.gov/Archives/edgar/data/4962/000119312512077400/d281394d10k.htm"
    },
    {
        "date": "2010-12-31",
        "symbol": "AXP",
        "reportedCurrency": "USD",
        "cik": "0000004962",
        "fillingDate": "2011-02-28",
        "acceptedDate": "2011-02-27 19:00:00",
        "calendarYear": "2010",
        "period": "FY",
        "revenue": 27639000000,
        "costOfRevenue": 0,
        "grossProfit": 0,
        "grossProfitRatio": 0,
        "researchAndDevelopmentExpenses": 0,
        "generalAndAdministrativeExpenses": 5566000000,
        "sellingAndMarketingExpenses": 8644000000,
        "sellingGeneralAndAdministrativeExpenses": 14210000000,
        "otherExpenses": 0,
        "operatingExpenses": 0,
        "costAndExpenses": 0,
        "interestIncome": 7292000000,
        "interestExpense": 2423000000,
        "depreciationAndAmortization": 917000000,
        "ebitda": 9304000000,
        "ebitdaratio": 0.33662578240891494,
        "operatingIncome": 0,
        "operatingIncomeRatio": 0,
        "totalOtherIncomeExpensesNet": 0,
        "incomeBeforeTax": 5964000000,
        "incomeBeforeTaxRatio": 0.2157820471073483,
        "incomeTaxExpense": 1907000000,
        "netIncome": 4057000000,
        "netIncomeRatio": 0.1467853395564239,
        "eps": 3.37,
        "epsdiluted": 3.35,
        "weightedAverageShsOut": 1188000000,
        "weightedAverageShsOutDil": 1195000000,
        "link": "https://www.sec.gov/Archives/edgar/data/4962/000095012311019072/0000950123-11-019072-index.htm",
        "finalLink": "https://www.sec.gov/Archives/edgar/data/4962/000095012311019072/y87970e10vk.htm"
    },
    {
        "date": "2009-12-31",
        "symbol": "AXP",
        "reportedCurrency": "USD",
        "cik": "0000004962",
        "fillingDate": "2010-02-26",
        "acceptedDate": "2010-02-25 20:48:03",
        "calendarYear": "2009",
        "period": "FY",
        "revenue": 24312000000,
        "costOfRevenue": 0,
        "grossProfit": 0,
        "grossProfitRatio": 0,
        "researchAndDevelopmentExpenses": 0,
        "generalAndAdministrativeExpenses": 5080000000,
        "sellingAndMarketingExpenses": 6467000000,
        "sellingGeneralAndAdministrativeExpenses": 11547000000,
        "otherExpenses": 0,
        "operatingExpenses": 0,
        "costAndExpenses": 0,
        "interestIncome": 5331000000,
        "interestExpense": 2207000000,
        "depreciationAndAmortization": 1070000000,
        "ebitda": 6111000000,
        "ebitdaratio": 0.2513573543928924,
        "operatingIncome": 0,
        "operatingIncomeRatio": 0,
        "totalOtherIncomeExpensesNet": 0,
        "incomeBeforeTax": 2841000000,
        "incomeBeforeTaxRatio": 0.1168558736426456,
        "incomeTaxExpense": 704000000,
        "netIncome": 2130000000,
        "netIncomeRatio": 0.08761105626850937,
        "eps": 1.54,
        "epsdiluted": 1.54,
        "weightedAverageShsOut": 1168000000,
        "weightedAverageShsOutDil": 1171000000,
        "link": "https://www.sec.gov/Archives/edgar/data/4962/000119312510041232/0001193125-10-041232-index.htm",
        "finalLink": "https://www.sec.gov/Archives/edgar/data/4962/000119312510041232/d10k.htm"
    },
    {
        "date": "2008-12-31",
        "symbol": "AXP",
        "reportedCurrency": "USD",
        "cik": "0000004962",
        "fillingDate": "2009-02-27",
        "acceptedDate": "2009-02-27 16:25:14",
        "calendarYear": "2008",
        "period": "FY",
        "revenue": 28365000000,
        "costOfRevenue": 0,
        "grossProfit": 0,
        "grossProfitRatio": 0,
        "researchAndDevelopmentExpenses": 0,
        "generalAndAdministrativeExpenses": 6090000000,
        "sellingAndMarketingExpenses": 7361000000,
        "sellingGeneralAndAdministrativeExpenses": 13451000000,
        "otherExpenses": 0,
        "operatingExpenses": 0,
        "costAndExpenses": 0,
        "interestIncome": 7745000000,
        "interestExpense": 3555000000,
        "depreciationAndAmortization": 712000000,
        "ebitda": 7676000000,
        "ebitdaratio": 0.2706151947823021,
        "operatingIncome": 0,
        "operatingIncomeRatio": 0,
        "totalOtherIncomeExpensesNet": 0,
        "incomeBeforeTax": 3581000000,
        "incomeBeforeTaxRatio": 0.12624713555438039,
        "incomeTaxExpense": 710000000,
        "netIncome": 2699000000,
        "netIncomeRatio": 0.09515247664375111,
        "eps": 2.34,
        "epsdiluted": 2.33,
        "weightedAverageShsOut": 1154000000,
        "weightedAverageShsOutDil": 1157000000,
        "link": "https://www.sec.gov/Archives/edgar/data/4962/000119312509041008/0001193125-09-041008-index.htm",
        "finalLink": "https://www.sec.gov/Archives/edgar/data/4962/000119312509041008/d10k.htm"
    },
    {
        "date": "2007-12-31",
        "symbol": "AXP",
        "reportedCurrency": "USD",
        "cik": "0000004962",
        "fillingDate": "2008-02-28",
        "acceptedDate": "2008-02-27 19:00:00",
        "calendarYear": "2007",
        "period": "FY",
        "revenue": 27731000000,
        "costOfRevenue": 0,
        "grossProfit": 0,
        "grossProfitRatio": 0,
        "researchAndDevelopmentExpenses": 0,
        "generalAndAdministrativeExpenses": 5389000000,
        "sellingAndMarketingExpenses": 7817000000,
        "sellingGeneralAndAdministrativeExpenses": 13206000000,
        "otherExpenses": 0,
        "operatingExpenses": 0,
        "costAndExpenses": 0,
        "interestIncome": 8441000000,
        "interestExpense": 3826000000,
        "depreciationAndAmortization": 648000000,
        "ebitda": 10004000000,
        "ebitdaratio": 0.3607515055353215,
        "operatingIncome": 0,
        "operatingIncomeRatio": 0,
        "totalOtherIncomeExpensesNet": 0,
        "incomeBeforeTax": 5566000000,
        "incomeBeforeTaxRatio": 0.20071400238000794,
        "incomeTaxExpense": 1518000000,
        "netIncome": 4012000000,
        "netIncomeRatio": 0.14467563376726408,
        "eps": 3.42,
        "epsdiluted": 3.36,
        "weightedAverageShsOut": 1173000000,
        "weightedAverageShsOutDil": 1196000000,
        "link": "https://www.sec.gov/Archives/edgar/data/4962/000119312508042043/0001193125-08-042043-index.htm",
        "finalLink": "https://www.sec.gov/Archives/edgar/data/4962/000119312508042043/d10k.htm"
    },
    {
        "date": "2006-12-31",
        "symbol": "AXP",
        "reportedCurrency": "USD",
        "cik": "0000004962",
        "fillingDate": "2007-03-01",
        "acceptedDate": "2007-02-28 19:00:00",
        "calendarYear": "2006",
        "period": "FY",
        "revenue": 25900000000,
        "costOfRevenue": 0,
        "grossProfit": 0,
        "grossProfitRatio": 0,
        "researchAndDevelopmentExpenses": 0,
        "generalAndAdministrativeExpenses": 4954000000,
        "sellingAndMarketingExpenses": 6516000000,
        "sellingGeneralAndAdministrativeExpenses": 11470000000,
        "otherExpenses": 0,
        "operatingExpenses": 0,
        "costAndExpenses": 0,
        "interestIncome": 4679000000,
        "interestExpense": 2878000000,
        "depreciationAndAmortization": 645000000,
        "ebitda": 8829000000,
        "ebitdaratio": 0.3408880308880309,
        "operatingIncome": 0,
        "operatingIncomeRatio": 0,
        "totalOtherIncomeExpensesNet": 0,
        "incomeBeforeTax": 5328000000,
        "incomeBeforeTaxRatio": 0.2057142857142857,
        "incomeTaxExpense": 1599000000,
        "netIncome": 3707000000,
        "netIncomeRatio": 0.14312741312741312,
        "eps": 3.06,
        "epsdiluted": 2.99,
        "weightedAverageShsOut": 1212000000,
        "weightedAverageShsOutDil": 1238000000,
        "link": "https://www.sec.gov/Archives/edgar/data/4962/000095012307003020/0000950123-07-003020-index.htm",
        "finalLink": "https://www.sec.gov/Archives/edgar/data/4962/000095012307003020/y30921e10vk.htm"
    },
    {
        "date": "2005-12-31",
        "symbol": "AXP",
        "reportedCurrency": "USD",
        "cik": "0000004962",
        "fillingDate": "2005-12-31",
        "acceptedDate": "2005-12-30 19:00:00",
        "calendarYear": "2005",
        "period": "FY",
        "revenue": 23347000000,
        "costOfRevenue": 0,
        "grossProfit": 0,
        "grossProfitRatio": 0,
        "researchAndDevelopmentExpenses": 0,
        "generalAndAdministrativeExpenses": 7602000000,
        "sellingAndMarketingExpenses": 5841000000,
        "sellingGeneralAndAdministrativeExpenses": 13443000000,
        "otherExpenses": 0,
        "operatingExpenses": 0,
        "costAndExpenses": 0,
        "interestIncome": 1055000000,
        "interestExpense": 920000000,
        "depreciationAndAmortization": 602000000,
        "ebitda": 6283000000,
        "ebitdaratio": 0.269113804771491,
        "operatingIncome": 0,
        "operatingIncomeRatio": 0,
        "totalOtherIncomeExpensesNet": 0,
        "incomeBeforeTax": 4248000000,
        "incomeBeforeTaxRatio": 0.18195057180794105,
        "incomeTaxExpense": 1027000000,
        "netIncome": 3734000000,
        "netIncomeRatio": 0.15993489527562427,
        "eps": 3.03,
        "epsdiluted": 2.97,
        "weightedAverageShsOut": 1233000000,
        "weightedAverageShsOutDil": 1258000000,
        "link": "",
        "finalLink": ""
    },
    {
        "date": "2004-12-31",
        "symbol": "AXP",
        "reportedCurrency": "USD",
        "cik": "0000004962",
        "fillingDate": "2004-12-31",
        "acceptedDate": "2004-12-30 19:00:00",
        "calendarYear": "2004",
        "period": "FY",
        "revenue": 28248000000,
        "costOfRevenue": 0,
        "grossProfit": 0,
        "grossProfitRatio": 0,
        "researchAndDevelopmentExpenses": 0,
        "generalAndAdministrativeExpenses": 8453000000,
        "sellingAndMarketingExpenses": 5083000000,
        "sellingGeneralAndAdministrativeExpenses": 13536000000,
        "otherExpenses": 0,
        "operatingExpenses": 0,
        "costAndExpenses": 0,
        "interestIncome": 3118000000,
        "interestExpense": 867000000,
        "depreciationAndAmortization": 758000000,
        "ebitda": 6505000000,
        "ebitdaratio": 0.2302817898612291,
        "operatingIncome": 0,
        "operatingIncomeRatio": 0,
        "totalOtherIncomeExpensesNet": 0,
        "incomeBeforeTax": 4951000000,
        "incomeBeforeTaxRatio": 0.1752690455961484,
        "incomeTaxExpense": 1435000000,
        "netIncome": 3445000000,
        "netIncomeRatio": 0.12195553667516285,
        "eps": 2.74,
        "epsdiluted": 2.68,
        "weightedAverageShsOut": 1259000000,
        "weightedAverageShsOutDil": 1285000000,
        "link": "",
        "finalLink": ""
    },
    {
        "date": "2003-12-31",
        "symbol": "AXP",
        "reportedCurrency": "USD",
        "cik": "0000004962",
        "fillingDate": "2003-12-31",
        "acceptedDate": "2003-12-30 19:00:00",
        "calendarYear": "2003",
        "period": "FY",
        "revenue": 24961000000,
        "costOfRevenue": 0,
        "grossProfit": 0,
        "grossProfitRatio": 0,
        "researchAndDevelopmentExpenses": 0,
        "generalAndAdministrativeExpenses": 10762000000,
        "sellingAndMarketingExpenses": 3901000000,
        "sellingGeneralAndAdministrativeExpenses": 14663000000,
        "otherExpenses": 0,
        "operatingExpenses": 0,
        "costAndExpenses": 0,
        "interestIncome": 3063000000,
        "interestExpense": 905000000,
        "depreciationAndAmortization": 676000000,
        "ebitda": 5815000000,
        "ebitdaratio": 0.23296342293978606,
        "operatingIncome": 0,
        "operatingIncomeRatio": 0,
        "totalOtherIncomeExpensesNet": 0,
        "incomeBeforeTax": 4247000000,
        "incomeBeforeTaxRatio": 0.17014542686591083,
        "incomeTaxExpense": 1247000000,
        "netIncome": 2987000000,
        "netIncomeRatio": 0.1196666800208325,
        "eps": 2.33,
        "epsdiluted": 2.3,
        "weightedAverageShsOut": 1284000000,
        "weightedAverageShsOutDil": 1298000000,
        "link": "",
        "finalLink": ""
    },
    {
        "date": "2002-12-31",
        "symbol": "AXP",
        "reportedCurrency": "USD",
        "cik": "0000004962",
        "fillingDate": "2002-12-31",
        "acceptedDate": "2002-12-30 19:00:00",
        "calendarYear": "2002",
        "period": "FY",
        "revenue": 22725000000,
        "costOfRevenue": 0,
        "grossProfit": 0,
        "grossProfitRatio": 0,
        "researchAndDevelopmentExpenses": 0,
        "generalAndAdministrativeExpenses": 10311000000,
        "sellingAndMarketingExpenses": 1548000000,
        "sellingGeneralAndAdministrativeExpenses": 11859000000,
        "otherExpenses": 0,
        "operatingExpenses": 0,
        "costAndExpenses": 0,
        "interestIncome": 2991000000,
        "interestExpense": 1082000000,
        "depreciationAndAmortization": 951000000,
        "ebitda": 5760000000,
        "ebitdaratio": 0.25346534653465347,
        "operatingIncome": 0,
        "operatingIncomeRatio": 0,
        "totalOtherIncomeExpensesNet": 0,
        "incomeBeforeTax": 3727000000,
        "incomeBeforeTaxRatio": 0.164004400440044,
        "incomeTaxExpense": 1056000000,
        "netIncome": 2671000000,
        "netIncomeRatio": 0.11753575357535753,
        "eps": 2.02,
        "epsdiluted": 2.01,
        "weightedAverageShsOut": 1320000000,
        "weightedAverageShsOutDil": 1330000000,
        "link": "",
        "finalLink": ""
    },
    {
        "date": "2001-12-31",
        "symbol": "AXP",
        "reportedCurrency": "USD",
        "cik": "0000004962",
        "fillingDate": "2002-04-01",
        "acceptedDate": "2002-04-01 00:00:00",
        "calendarYear": "2001",
        "period": "FY",
        "revenue": 21081000000,
        "costOfRevenue": 0,
        "grossProfit": 0,
        "grossProfitRatio": 0,
        "researchAndDevelopmentExpenses": 0,
        "generalAndAdministrativeExpenses": 11011000000,
        "sellingAndMarketingExpenses": 1301000000,
        "sellingGeneralAndAdministrativeExpenses": 12312000000,
        "otherExpenses": 0,
        "operatingExpenses": 0,
        "costAndExpenses": 0,
        "interestIncome": 2137000000,
        "interestExpense": 1501000000,
        "depreciationAndAmortization": 1196000000,
        "ebitda": 4293000000,
        "ebitdaratio": 0.20364309093496513,
        "operatingIncome": 0,
        "operatingIncomeRatio": 0,
        "totalOtherIncomeExpensesNet": 0,
        "incomeBeforeTax": 1596000000,
        "incomeBeforeTaxRatio": 0.0757079834922442,
        "incomeTaxExpense": 285000000,
        "netIncome": 1311000000,
        "netIncomeRatio": 0.062188700725772025,
        "eps": 0.99,
        "epsdiluted": 0.98,
        "weightedAverageShsOut": 1324000000,
        "weightedAverageShsOutDil": 1336000000,
        "link": "https://www.sec.gov/Archives/edgar/data/4962/000095011702000727/0000950117-02-000727-index.htm",
        "finalLink": "https://www.sec.gov/Archives/edgar/data/4962/000095011702000727/a32343.txt"
    },
    {
        "date": "2000-12-31",
        "symbol": "AXP",
        "reportedCurrency": "USD",
        "cik": "0000004962",
        "fillingDate": "2001-03-30",
        "acceptedDate": "2001-03-30 00:00:00",
        "calendarYear": "2000",
        "period": "FY",
        "revenue": 22321000000,
        "costOfRevenue": 0,
        "grossProfit": 0,
        "grossProfitRatio": 0,
        "researchAndDevelopmentExpenses": 0,
        "generalAndAdministrativeExpenses": 10579000000,
        "sellingAndMarketingExpenses": 1515000000,
        "sellingGeneralAndAdministrativeExpenses": 12094000000,
        "otherExpenses": 0,
        "operatingExpenses": 0,
        "costAndExpenses": 0,
        "interestIncome": 3290000000,
        "interestExpense": 1354000000,
        "depreciationAndAmortization": 393000000,
        "ebitda": 5655000000,
        "ebitdaratio": 0.25334886429819453,
        "operatingIncome": 0,
        "operatingIncomeRatio": 0,
        "totalOtherIncomeExpensesNet": 0,
        "incomeBeforeTax": 3908000000,
        "incomeBeforeTaxRatio": 0.17508176156982214,
        "incomeTaxExpense": 1098000000,
        "netIncome": 2810000000,
        "netIncomeRatio": 0.12589041709600823,
        "eps": 2.12,
        "epsdiluted": 2.07,
        "weightedAverageShsOut": 1327000000,
        "weightedAverageShsOutDil": 1360000000,
        "link": "https://www.sec.gov/Archives/edgar/data/4962/000000496201500025/0000004962-01-500025-index.html",
        "finalLink": "https://www.sec.gov/Archives/edgar/data/4962/000000496201500025/axp10k.txt"
    },
    {
        "date": "1999-12-31",
        "symbol": "AXP",
        "reportedCurrency": "USD",
        "cik": "0000004962",
        "fillingDate": "1999-12-31",
        "acceptedDate": "1999-12-30 19:00:00",
        "calendarYear": "1999",
        "period": "FY",
        "revenue": 20227000000,
        "costOfRevenue": 0,
        "grossProfit": 0,
        "grossProfitRatio": 0,
        "researchAndDevelopmentExpenses": 0,
        "generalAndAdministrativeExpenses": 9718000000,
        "sellingAndMarketingExpenses": 1424000000,
        "sellingGeneralAndAdministrativeExpenses": 11142000000,
        "otherExpenses": 0,
        "operatingExpenses": 0,
        "costAndExpenses": 0,
        "interestIncome": 3346000000,
        "interestExpense": 1051000000,
        "depreciationAndAmortization": 13000000,
        "ebitda": 4502000000,
        "ebitdaratio": 0.22257378751174173,
        "operatingIncome": 0,
        "operatingIncomeRatio": 0,
        "totalOtherIncomeExpensesNet": 0,
        "incomeBeforeTax": 3438000000,
        "incomeBeforeTaxRatio": 0.16997083106738517,
        "incomeTaxExpense": 963000000,
        "netIncome": 2475000000,
        "netIncomeRatio": 0.1223612003757354,
        "eps": 1.846667,
        "epsdiluted": 1.806667,
        "weightedAverageShsOut": 1341000000,
        "weightedAverageShsOutDil": 1368000000,
        "link": "",
        "finalLink": ""
    },
    {
        "date": "1998-12-31",
        "symbol": "AXP",
        "reportedCurrency": "USD",
        "cik": "0000004962",
        "fillingDate": "1998-12-31",
        "acceptedDate": "1998-12-30 19:00:00",
        "calendarYear": "1998",
        "period": "FY",
        "revenue": 18133000000,
        "costOfRevenue": 0,
        "grossProfit": 0,
        "grossProfitRatio": 0,
        "researchAndDevelopmentExpenses": 0,
        "generalAndAdministrativeExpenses": 9250000000,
        "sellingAndMarketingExpenses": 1228000000,
        "sellingGeneralAndAdministrativeExpenses": 10478000000,
        "otherExpenses": 0,
        "operatingExpenses": 0,
        "costAndExpenses": 0,
        "interestIncome": 3277000000,
        "interestExpense": 999000000,
        "depreciationAndAmortization": -212000000,
        "ebitda": 3712000000,
        "ebitdaratio": 0.20470964539789335,
        "operatingIncome": 0,
        "operatingIncomeRatio": 0,
        "totalOtherIncomeExpensesNet": 0,
        "incomeBeforeTax": 2925000000,
        "incomeBeforeTaxRatio": 0.16130811228147576,
        "incomeTaxExpense": 784000000,
        "netIncome": 2141000000,
        "netIncomeRatio": 0.11807202338278278,
        "eps": 1.57,
        "epsdiluted": 1.543333,
        "weightedAverageShsOut": 1362000000,
        "weightedAverageShsOutDil": 1389000000,
        "link": "",
        "finalLink": ""
    },
    {
        "date": "1997-12-31",
        "symbol": "AXP",
        "reportedCurrency": "USD",
        "cik": "0000004962",
        "fillingDate": "1997-12-31",
        "acceptedDate": "1997-12-30 19:00:00",
        "calendarYear": "1997",
        "period": "FY",
        "revenue": 16836000000,
        "costOfRevenue": 0,
        "grossProfit": 0,
        "grossProfitRatio": 0,
        "researchAndDevelopmentExpenses": 0,
        "generalAndAdministrativeExpenses": 8356000000,
        "sellingAndMarketingExpenses": 1118000000,
        "sellingGeneralAndAdministrativeExpenses": 9474000000,
        "otherExpenses": 0,
        "operatingExpenses": 0,
        "costAndExpenses": 0,
        "interestIncome": 3175000000,
        "interestExpense": 924000000,
        "depreciationAndAmortization": 187000000,
        "ebitda": 3861000000,
        "ebitdaratio": 0.22933000712758375,
        "operatingIncome": 0,
        "operatingIncomeRatio": 0,
        "totalOtherIncomeExpensesNet": 0,
        "incomeBeforeTax": 2750000000,
        "incomeBeforeTaxRatio": 0.16334046091708243,
        "incomeTaxExpense": 759000000,
        "netIncome": 1991000000,
        "netIncomeRatio": 0.11825849370396768,
        "eps": 1.43,
        "epsdiluted": 1.383333,
        "weightedAverageShsOut": 1392000000,
        "weightedAverageShsOutDil": 1437000000,
        "link": "",
        "finalLink": ""
    },
    {
        "date": "1996-12-31",
        "symbol": "AXP",
        "reportedCurrency": "USD",
        "cik": "0000004962",
        "fillingDate": "1996-12-31",
        "acceptedDate": "1996-12-30 19:00:00",
        "calendarYear": "1996",
        "period": "FY",
        "revenue": 15121000000,
        "costOfRevenue": 0,
        "grossProfit": 0,
        "grossProfitRatio": 0,
        "researchAndDevelopmentExpenses": 0,
        "generalAndAdministrativeExpenses": 7652000000,
        "sellingAndMarketingExpenses": 1071000000,
        "sellingGeneralAndAdministrativeExpenses": 8723000000,
        "otherExpenses": 0,
        "operatingExpenses": 0,
        "costAndExpenses": 0,
        "interestIncome": 3289000000,
        "interestExpense": 1116000000,
        "depreciationAndAmortization": 266000000,
        "ebitda": 4046000000,
        "ebitdaratio": 0.2675748958402222,
        "operatingIncome": 0,
        "operatingIncomeRatio": 0,
        "totalOtherIncomeExpensesNet": 0,
        "incomeBeforeTax": 2664000000,
        "incomeBeforeTaxRatio": 0.1761788241518418,
        "incomeTaxExpense": 763000000,
        "netIncome": 1901000000,
        "netIncomeRatio": 0.12571919846570995,
        "eps": 1.3,
        "epsdiluted": 1.3,
        "weightedAverageShsOut": 1456800000,
        "weightedAverageShsOutDil": 1461261000,
        "link": "",
        "finalLink": ""
    },
    {
        "date": "1995-12-31",
        "symbol": "AXP",
        "reportedCurrency": "USD",
        "cik": "0000004962",
        "fillingDate": "1996-03-29",
        "acceptedDate": "1996-03-29 00:00:00",
        "calendarYear": "1995",
        "period": "FY",
        "revenue": 14599000000,
        "costOfRevenue": 0,
        "grossProfit": 0,
        "grossProfitRatio": 0,
        "researchAndDevelopmentExpenses": 0,
        "generalAndAdministrativeExpenses": 7581000000,
        "sellingAndMarketingExpenses": 977000000,
        "sellingGeneralAndAdministrativeExpenses": 8558000000,
        "otherExpenses": 0,
        "operatingExpenses": 0,
        "costAndExpenses": 0,
        "interestIncome": 4531000000,
        "interestExpense": 1242000000,
        "depreciationAndAmortization": 367000000,
        "ebitda": 3792000000,
        "ebitdaratio": 0.2597438180697308,
        "operatingIncome": 0,
        "operatingIncomeRatio": 0,
        "totalOtherIncomeExpensesNet": 0,
        "incomeBeforeTax": 2183000000,
        "incomeBeforeTaxRatio": 0.14953078978012194,
        "incomeTaxExpense": 619000000,
        "netIncome": 1564000000,
        "netIncomeRatio": 0.10713062538530037,
        "eps": 1.036667,
        "epsdiluted": 1.036667,
        "weightedAverageShsOut": 1494000000,
        "weightedAverageShsOutDil": 1499790000,
        "link": "https://www.sec.gov/Archives/edgar/data/4962/000000496296000013/0000004962-96-000013-index.html",
        "finalLink": "https://www.sec.gov/Archives/edgar/data/4962/0000004962-96-000013.txt"
    },
    {
        "date": "1994-12-31",
        "symbol": "AXP",
        "reportedCurrency": "USD",
        "cik": "0000004962",
        "fillingDate": "1995-03-31",
        "acceptedDate": "1995-03-31 00:00:00",
        "calendarYear": "1994",
        "period": "FY",
        "revenue": 13271000000,
        "costOfRevenue": 0,
        "grossProfit": 0,
        "grossProfitRatio": 0,
        "researchAndDevelopmentExpenses": 0,
        "generalAndAdministrativeExpenses": 6765000000,
        "sellingAndMarketingExpenses": 1063000000,
        "sellingGeneralAndAdministrativeExpenses": 7828000000,
        "otherExpenses": 0,
        "operatingExpenses": 0,
        "costAndExpenses": 0,
        "interestIncome": 4120000000,
        "interestExpense": 1011000000,
        "depreciationAndAmortization": 378000000,
        "ebitda": 3313000000,
        "ebitdaratio": 0.24964207670861277,
        "operatingIncome": 0,
        "operatingIncomeRatio": 0,
        "totalOtherIncomeExpensesNet": 0,
        "incomeBeforeTax": 1891000000,
        "incomeBeforeTaxRatio": 0.14249114610805516,
        "incomeTaxExpense": 511000000,
        "netIncome": 1413000000,
        "netIncomeRatio": 0.10647276015371863,
        "eps": 0.916667,
        "epsdiluted": 0.916667,
        "weightedAverageShsOut": 1506545455,
        "weightedAverageShsOutDil": 1533550000,
        "link": "https://www.sec.gov/Archives/edgar/data/4962/000000496295000005/0000004962-95-000005-index.html",
        "finalLink": "https://www.sec.gov/Archives/edgar/data/4962/0000004962-95-000005.txt"
    },
    {
        "date": "1993-12-31",
        "symbol": "AXP",
        "reportedCurrency": "USD",
        "cik": "0000004962",
        "fillingDate": "1993-12-31",
        "acceptedDate": "1993-12-30 19:00:00",
        "calendarYear": "1993",
        "period": "FY",
        "revenue": 12390000000,
        "costOfRevenue": 0,
        "grossProfit": 0,
        "grossProfitRatio": 0,
        "researchAndDevelopmentExpenses": 0,
        "generalAndAdministrativeExpenses": 6487000000,
        "sellingAndMarketingExpenses": 1091000000,
        "sellingGeneralAndAdministrativeExpenses": 7578000000,
        "otherExpenses": 0,
        "operatingExpenses": 0,
        "costAndExpenses": 0,
        "interestIncome": 4914000000,
        "interestExpense": 1783000000,
        "depreciationAndAmortization": 411000000,
        "ebitda": 4393000000,
        "ebitdaratio": 0.35456012913640034,
        "operatingIncome": 0,
        "operatingIncomeRatio": 0,
        "totalOtherIncomeExpensesNet": 0,
        "incomeBeforeTax": 2326000000,
        "incomeBeforeTaxRatio": 0.1877320419693301,
        "incomeTaxExpense": 721000000,
        "netIncome": 1478000000,
        "netIncomeRatio": 0.11928974979822438,
        "eps": 0.78,
        "epsdiluted": 0.77,
        "weightedAverageShsOut": 1841025641,
        "weightedAverageShsOutDil": 1864935065,
        "link": "",
        "finalLink": ""
    },
    {
        "date": "1992-12-31",
        "symbol": "AXP",
        "reportedCurrency": "USD",
        "cik": "0000004962",
        "fillingDate": "1992-12-31",
        "acceptedDate": "1992-12-30 19:00:00",
        "calendarYear": "1992",
        "period": "FY",
        "revenue": 19312000000,
        "costOfRevenue": 0,
        "grossProfit": 0,
        "grossProfitRatio": 0,
        "researchAndDevelopmentExpenses": 0,
        "generalAndAdministrativeExpenses": 11559000000,
        "sellingAndMarketingExpenses": 1179000000,
        "sellingGeneralAndAdministrativeExpenses": 12738000000,
        "otherExpenses": 0,
        "operatingExpenses": 0,
        "costAndExpenses": 0,
        "interestIncome": 11380000000,
        "interestExpense": 7649000000,
        "depreciationAndAmortization": 660000000,
        "ebitda": 9109500000,
        "ebitdaratio": 0.47170153272576637,
        "operatingIncome": 0,
        "operatingIncomeRatio": 0,
        "totalOtherIncomeExpensesNet": 0,
        "incomeBeforeTax": 775000000,
        "incomeBeforeTaxRatio": 0.040130488815244406,
        "incomeTaxExpense": 339000000,
        "netIncome": 461500000,
        "netIncomeRatio": 0.02389705882352941,
        "eps": 0.3,
        "epsdiluted": 0.3,
        "weightedAverageShsOut": 1395000000,
        "weightedAverageShsOutDil": 1395000000,
        "link": "",
        "finalLink": ""
    },
    {
        "date": "1991-12-31",
        "symbol": "AXP",
        "reportedCurrency": "USD",
        "cik": "0000004962",
        "fillingDate": "1991-12-31",
        "acceptedDate": "1991-12-30 19:00:00",
        "calendarYear": "1991",
        "period": "FY",
        "revenue": 17511000000,
        "costOfRevenue": 0,
        "grossProfit": 0,
        "grossProfitRatio": 0,
        "researchAndDevelopmentExpenses": 0,
        "generalAndAdministrativeExpenses": 7582000000,
        "sellingAndMarketingExpenses": 1074000000,
        "sellingGeneralAndAdministrativeExpenses": 8656000000,
        "otherExpenses": 0,
        "operatingExpenses": 0,
        "costAndExpenses": 0,
        "interestIncome": 11490000000,
        "interestExpense": 8252000000,
        "depreciationAndAmortization": 753000000,
        "ebitda": 9764000000,
        "ebitdaratio": 0.5575923705099651,
        "operatingIncome": 0,
        "operatingIncomeRatio": 0,
        "totalOtherIncomeExpensesNet": 0,
        "incomeBeforeTax": 759000000,
        "incomeBeforeTaxRatio": 0.04334418365598766,
        "incomeTaxExpense": -30000000,
        "netIncome": 789000000,
        "netIncomeRatio": 0.04505739249614528,
        "eps": 0.53,
        "epsdiluted": 0.53,
        "weightedAverageShsOut": 1413207547,
        "weightedAverageShsOutDil": 1413207547,
        "link": "",
        "finalLink": ""
    },
    {
        "date": "1990-12-31",
        "symbol": "AXP",
        "reportedCurrency": "USD",
        "cik": "0000004962",
        "fillingDate": "1990-12-31",
        "acceptedDate": "1990-12-30 19:00:00",
        "calendarYear": "1990",
        "period": "FY",
        "revenue": 15840000000,
        "costOfRevenue": 0,
        "grossProfit": 0,
        "grossProfitRatio": 0,
        "researchAndDevelopmentExpenses": 0,
        "generalAndAdministrativeExpenses": 8904000000,
        "sellingAndMarketingExpenses": 1032000000,
        "sellingGeneralAndAdministrativeExpenses": 9936000000,
        "otherExpenses": 0,
        "operatingExpenses": 0,
        "costAndExpenses": 0,
        "interestIncome": 10936000000,
        "interestExpense": 8492000000,
        "depreciationAndAmortization": 603000000,
        "ebitda": 9663000000,
        "ebitdaratio": 0.6100378787878787,
        "operatingIncome": 0,
        "operatingIncomeRatio": 0,
        "totalOtherIncomeExpensesNet": 0,
        "incomeBeforeTax": 725000000,
        "incomeBeforeTaxRatio": 0.045770202020202023,
        "incomeTaxExpense": 387000000,
        "netIncome": 181000000,
        "netIncomeRatio": 0.011426767676767677,
        "eps": 0.11,
        "epsdiluted": 0.11,
        "weightedAverageShsOut": 1327272727,
        "weightedAverageShsOutDil": 1327272727,
        "link": "",
        "finalLink": ""
    },
    {
        "date": "1989-12-31",
        "symbol": "AXP",
        "reportedCurrency": "USD",
        "cik": "0000004962",
        "fillingDate": "1989-12-31",
        "acceptedDate": "1989-12-30 19:00:00",
        "calendarYear": "1989",
        "period": "FY",
        "revenue": 15168000000,
        "costOfRevenue": 0,
        "grossProfit": 0,
        "grossProfitRatio": 0,
        "researchAndDevelopmentExpenses": 0,
        "generalAndAdministrativeExpenses": 8142000000,
        "sellingAndMarketingExpenses": 1079000000,
        "sellingGeneralAndAdministrativeExpenses": 9221000000,
        "otherExpenses": 0,
        "operatingExpenses": 0,
        "costAndExpenses": 0,
        "interestIncome": 11701000000,
        "interestExpense": 9879000000,
        "depreciationAndAmortization": 333000000,
        "ebitda": 11739000000,
        "ebitdaratio": 0.7739319620253164,
        "operatingIncome": 0,
        "operatingIncomeRatio": 0,
        "totalOtherIncomeExpensesNet": 0,
        "incomeBeforeTax": 1527000000,
        "incomeBeforeTaxRatio": 0.10067246835443038,
        "incomeTaxExpense": 370000000,
        "netIncome": 1157000000,
        "netIncomeRatio": 0.07627900843881856,
        "eps": 0.9,
        "epsdiluted": 0.9,
        "weightedAverageShsOut": 1262222222,
        "weightedAverageShsOutDil": 1262222222,
        "link": "",
        "finalLink": ""
    },
    {
        "date": "1988-12-31",
        "symbol": "AXP",
        "reportedCurrency": "USD",
        "cik": "0000004962",
        "fillingDate": "1988-12-31",
        "acceptedDate": "1988-12-30 19:00:00",
        "calendarYear": "1988",
        "period": "FY",
        "revenue": 0,
        "costOfRevenue": 0,
        "grossProfit": 0,
        "grossProfitRatio": 0,
        "researchAndDevelopmentExpenses": 0,
        "generalAndAdministrativeExpenses": 0,
        "sellingAndMarketingExpenses": 0,
        "sellingGeneralAndAdministrativeExpenses": 0,
        "otherExpenses": 0,
        "operatingExpenses": 0,
        "costAndExpenses": 0,
        "interestIncome": 0,
        "interestExpense": 0,
        "depreciationAndAmortization": 0,
        "ebitda": 1038000000,
        "ebitdaratio": 0,
        "operatingIncome": 0,
        "operatingIncomeRatio": 0,
        "totalOtherIncomeExpensesNet": 0,
        "incomeBeforeTax": 0,
        "incomeBeforeTaxRatio": 0,
        "incomeTaxExpense": 0,
        "netIncome": 1038000000,
        "netIncomeRatio": 0,
        "eps": 0.81,
        "epsdiluted": 0.81,
        "weightedAverageShsOut": 1259259259,
        "weightedAverageShsOutDil": 1259259259,
        "link": "",
        "finalLink": ""
    },
    {
        "date": "1987-12-31",
        "symbol": "AXP",
        "reportedCurrency": "USD",
        "cik": "0000004962",
        "fillingDate": "1987-12-31",
        "acceptedDate": "1987-12-30 19:00:00",
        "calendarYear": "1987",
        "period": "FY",
        "revenue": 0,
        "costOfRevenue": 0,
        "grossProfit": 0,
        "grossProfitRatio": 0,
        "researchAndDevelopmentExpenses": 0,
        "generalAndAdministrativeExpenses": 0,
        "sellingAndMarketingExpenses": 0,
        "sellingGeneralAndAdministrativeExpenses": 0,
        "otherExpenses": 0,
        "operatingExpenses": 0,
        "costAndExpenses": 0,
        "interestIncome": 0,
        "interestExpense": 0,
        "depreciationAndAmortization": 0,
        "ebitda": 533000000,
        "ebitdaratio": 0,
        "operatingIncome": 0,
        "operatingIncomeRatio": 0,
        "totalOtherIncomeExpensesNet": 0,
        "incomeBeforeTax": 0,
        "incomeBeforeTaxRatio": 0,
        "incomeTaxExpense": 0,
        "netIncome": 533000000,
        "netIncomeRatio": 0,
        "eps": 0.4,
        "epsdiluted": 0.4,
        "weightedAverageShsOut": 1297500000,
        "weightedAverageShsOutDil": 1297500000,
        "link": "",
        "finalLink": ""
    },
    {
        "date": "1986-12-31",
        "symbol": "AXP",
        "reportedCurrency": "USD",
        "cik": "0000004962",
        "fillingDate": "1986-12-31",
        "acceptedDate": "1986-12-30 19:00:00",
        "calendarYear": "1986",
        "period": "FY",
        "revenue": 0,
        "costOfRevenue": 0,
        "grossProfit": 0,
        "grossProfitRatio": 0,
        "researchAndDevelopmentExpenses": 0,
        "generalAndAdministrativeExpenses": 0,
        "sellingAndMarketingExpenses": 0,
        "sellingGeneralAndAdministrativeExpenses": 0,
        "otherExpenses": 0,
        "operatingExpenses": 0,
        "costAndExpenses": 0,
        "interestIncome": 0,
        "interestExpense": 0,
        "depreciationAndAmortization": 0,
        "ebitda": 1110000000,
        "ebitdaratio": 0,
        "operatingIncome": 0,
        "operatingIncomeRatio": 0,
        "totalOtherIncomeExpensesNet": 0,
        "incomeBeforeTax": 0,
        "incomeBeforeTaxRatio": 0,
        "incomeTaxExpense": 0,
        "netIncome": 1110000000,
        "netIncomeRatio": 0,
        "eps": 0.82,
        "epsdiluted": 0.82,
        "weightedAverageShsOut": 1353658537,
        "weightedAverageShsOutDil": 1353658537,
        "link": "",
        "finalLink": ""
    },
    {
        "date": "1985-12-31",
        "symbol": "AXP",
        "reportedCurrency": "USD",
        "cik": "0000004962",
        "fillingDate": "1985-12-31",
        "acceptedDate": "1985-12-30 19:00:00",
        "calendarYear": "1985",
        "period": "FY",
        "revenue": 0,
        "costOfRevenue": 0,
        "grossProfit": 0,
        "grossProfitRatio": 0,
        "researchAndDevelopmentExpenses": 0,
        "generalAndAdministrativeExpenses": 0,
        "sellingAndMarketingExpenses": 0,
        "sellingGeneralAndAdministrativeExpenses": 0,
        "otherExpenses": 0,
        "operatingExpenses": 0,
        "costAndExpenses": 0,
        "interestIncome": 0,
        "interestExpense": 0,
        "depreciationAndAmortization": 0,
        "ebitda": 810000000,
        "ebitdaratio": 0,
        "operatingIncome": 0,
        "operatingIncomeRatio": 0,
        "totalOtherIncomeExpensesNet": 0,
        "incomeBeforeTax": 0,
        "incomeBeforeTaxRatio": 0,
        "incomeTaxExpense": 0,
        "netIncome": 810000000,
        "netIncomeRatio": 0,
        "eps": 0.59,
        "epsdiluted": 0.59,
        "weightedAverageShsOut": 1372881356,
        "weightedAverageShsOutDil": 1372881356,
        "link": "",
        "finalLink": ""
    }
]