[
    {
        "date": "2021-12-31",
        "symbol": "BAC",
        "reportedCurrency": "USD",
        "cik": "0000070858",
        "fillingDate": "2022-02-22",
        "acceptedDate": "2022-02-22 17:15:02",
        "calendarYear": "2021",
        "period": "FY",
        "revenue": 89113000000,
        "costOfRevenue": 0,
        "grossProfit": 0,
        "grossProfitRatio": 0,
        "researchAndDevelopmentExpenses": 0,
        "generalAndAdministrativeExpenses": 39229000000,
        "sellingAndMarketingExpenses": 5820000000,
        "sellingGeneralAndAdministrativeExpenses": 45049000000,
        "otherExpenses": 0,
        "operatingExpenses": 0,
        "costAndExpenses": 0,
        "interestIncome": 47672000000,
        "interestExpense": 4738000000,
        "depreciationAndAmortization": 1898000000,
        "ebitda": 40612000000,
        "ebitdaratio": 0.4557359756713386,
        "operatingIncome": 0,
        "operatingIncomeRatio": 0,
        "totalOtherIncomeExpensesNet": 0,
        "incomeBeforeTax": 33976000000,
        "incomeBeforeTaxRatio": 0.3812687262240077,
        "incomeTaxExpense": 1998000000,
        "netIncome": 31978000000,
        "netIncomeRatio": 0.35884775509746053,
        "eps": 3.6,
        "epsdiluted": 3.57,
        "weightedAverageShsOut": 8493300000,
        "weightedAverageShsOutDil": 8558400000,
        "link": "https://www.sec.gov/Archives/edgar/data/70858/000007085822000062/0000070858-22-000062-index.htm",
        "finalLink": "https://www.sec.gov/Archives/edgar/data/70858/000007085822000062/bac-20211231.htm"
    },
    {
        "date": "2020-12-31",
        "symbol": "BAC",
        "reportedCurrency": "USD",
        "cik": "0000070858",
        "fillingDate": "2021-02-24",
        "acceptedDate": "2021-02-24 16:56:31",
        "calendarYear": "2020",
        "period": "FY",
        "revenue": 85528000000,
        "costOfRevenue": 0,
        "grossProfit": 0,
        "grossProfitRatio": 0,
        "researchAndDevelopmentExpenses": 0,
        "generalAndAdministrativeExpenses": 36022000000,
        "sellingAndMarketingExpenses": 5134000000,
        "sellingGeneralAndAdministrativeExpenses": 41156000000,
        "otherExpenses": 0,
        "operatingExpenses": 0,
        "costAndExpenses": 0,
        "interestIncome": 51585000000,
        "interestExpense": 8225000000,
        "depreciationAndAmortization": 1843000000,
        "ebitda": 29063000000,
        "ebitdaratio": 0.33980684688055374,
        "operatingIncome": 0,
        "operatingIncomeRatio": 0,
        "totalOtherIncomeExpensesNet": 0,
        "incomeBeforeTax": 18995000000,
        "incomeBeforeTaxRatio": 0.22209101113085772,
        "incomeTaxExpense": 1101000000,
        "netIncome": 17894000000,
        "netIncomeRatio": 0.20921803386025628,
        "eps": 1.88,
        "epsdiluted": 1.87,
        "weightedAverageShsOut": 8753200000,
        "weightedAverageShsOutDil": 8796900000,
        "link": "https://www.sec.gov/Archives/edgar/data/70858/000007085821000023/0000070858-21-000023-index.htm",
        "finalLink": "https://www.sec.gov/Archives/edgar/data/70858/000007085821000023/bac-20201231.htm"
    },
    {
        "date": "2019-12-31",
        "symbol": "BAC",
        "reportedCurrency": "USD",
        "cik": "0000070858",
        "fillingDate": "2020-02-19",
        "acceptedDate": "2020-02-19 16:18:13",
        "calendarYear": "2019",
        "period": "FY",
        "revenue": 91244000000,
        "costOfRevenue": 0,
        "grossProfit": 0,
        "grossProfitRatio": 0,
        "researchAndDevelopmentExpenses": 0,
        "generalAndAdministrativeExpenses": 37373000000,
        "sellingAndMarketingExpenses": 4696000000,
        "sellingGeneralAndAdministrativeExpenses": 42069000000,
        "otherExpenses": 0,
        "operatingExpenses": 0,
        "costAndExpenses": 0,
        "interestIncome": 71236000000,
        "interestExpense": 22345000000,
        "depreciationAndAmortization": 1729000000,
        "ebitda": 56828000000,
        "ebitdaratio": 0.6228135548638815,
        "operatingIncome": 0,
        "operatingIncomeRatio": 0,
        "totalOtherIncomeExpensesNet": 0,
        "incomeBeforeTax": 32754000000,
        "incomeBeforeTaxRatio": 0.3589715488141686,
        "incomeTaxExpense": 5324000000,
        "netIncome": 27430000000,
        "netIncomeRatio": 0.3006225066853711,
        "eps": 2.77,
        "epsdiluted": 2.75,
        "weightedAverageShsOut": 9390500000,
        "weightedAverageShsOutDil": 9442900000,
        "link": "https://www.sec.gov/Archives/edgar/data/70858/000007085820000011/0000070858-20-000011-index.htm",
        "finalLink": "https://www.sec.gov/Archives/edgar/data/70858/000007085820000011/bac-1231201910xk.htm"
    },
    {
        "date": "2018-12-31",
        "symbol": "BAC",
        "reportedCurrency": "USD",
        "cik": "0000070858",
        "fillingDate": "2019-02-26",
        "acceptedDate": "2019-02-26 16:38:01",
        "calendarYear": "2018",
        "period": "FY",
        "revenue": 91247000000,
        "costOfRevenue": 0,
        "grossProfit": 0,
        "grossProfitRatio": 0,
        "researchAndDevelopmentExpenses": 0,
        "generalAndAdministrativeExpenses": 44237000000,
        "sellingAndMarketingExpenses": 1674000000,
        "sellingGeneralAndAdministrativeExpenses": 45911000000,
        "otherExpenses": 0,
        "operatingExpenses": 0,
        "costAndExpenses": 0,
        "interestIncome": 66769000000,
        "interestExpense": 19337000000,
        "depreciationAndAmortization": 2063000000,
        "ebitda": 55984000000,
        "ebitdaratio": 0.6135434589630344,
        "operatingIncome": 0,
        "operatingIncomeRatio": 0,
        "totalOtherIncomeExpensesNet": 0,
        "incomeBeforeTax": 34584000000,
        "incomeBeforeTaxRatio": 0.37901520049974247,
        "incomeTaxExpense": 6437000000,
        "netIncome": 28147000000,
        "netIncomeRatio": 0.30847041546571397,
        "eps": 2.64,
        "epsdiluted": 2.61,
        "weightedAverageShsOut": 10096500000,
        "weightedAverageShsOutDil": 10236900000,
        "link": "https://www.sec.gov/Archives/edgar/data/70858/000007085819000012/0000070858-19-000012-index.htm",
        "finalLink": "https://www.sec.gov/Archives/edgar/data/70858/000007085819000012/bac-1231201810xk.htm"
    },
    {
        "date": "2017-12-31",
        "symbol": "BAC",
        "reportedCurrency": "USD",
        "cik": "0000070858",
        "fillingDate": "2018-02-22",
        "acceptedDate": "2018-02-22 16:10:05",
        "calendarYear": "2017",
        "period": "FY",
        "revenue": 87352000000,
        "costOfRevenue": 0,
        "grossProfit": 0,
        "grossProfitRatio": 0,
        "researchAndDevelopmentExpenses": 0,
        "generalAndAdministrativeExpenses": 45408000000,
        "sellingAndMarketingExpenses": 1746000000,
        "sellingGeneralAndAdministrativeExpenses": 47154000000,
        "otherExpenses": 0,
        "operatingExpenses": 0,
        "costAndExpenses": 0,
        "interestIncome": 57579000000,
        "interestExpense": 12912000000,
        "depreciationAndAmortization": 2103000000,
        "ebitda": 44228000000,
        "ebitdaratio": 0.506319260005495,
        "operatingIncome": 0,
        "operatingIncomeRatio": 0,
        "totalOtherIncomeExpensesNet": 0,
        "incomeBeforeTax": 29213000000,
        "incomeBeforeTaxRatio": 0.33442851909515525,
        "incomeTaxExpense": 10981000000,
        "netIncome": 18232000000,
        "netIncomeRatio": 0.2087187471380163,
        "eps": 1.63,
        "epsdiluted": 1.56,
        "weightedAverageShsOut": 10195646000,
        "weightedAverageShsOutDil": 10778428000,
        "link": "https://www.sec.gov/Archives/edgar/data/70858/000007085818000009/0000070858-18-000009-index.htm",
        "finalLink": "https://www.sec.gov/Archives/edgar/data/70858/000007085818000009/bac-1231201710xk.htm"
    },
    {
        "date": "2016-12-31",
        "symbol": "BAC",
        "reportedCurrency": "USD",
        "cik": "0000070858",
        "fillingDate": "2017-02-23",
        "acceptedDate": "2017-02-23 16:11:19",
        "calendarYear": "2016",
        "period": "FY",
        "revenue": 83701000000,
        "costOfRevenue": 0,
        "grossProfit": 0,
        "grossProfitRatio": 0,
        "researchAndDevelopmentExpenses": 0,
        "generalAndAdministrativeExpenses": 44705000000,
        "sellingAndMarketingExpenses": 1703000000,
        "sellingGeneralAndAdministrativeExpenses": 46408000000,
        "otherExpenses": 0,
        "operatingExpenses": 0,
        "costAndExpenses": 0,
        "interestIncome": 51057000000,
        "interestExpense": 9961000000,
        "depreciationAndAmortization": 2241000000,
        "ebitda": 37355000000,
        "ebitdaratio": 0.4462909642656599,
        "operatingIncome": 0,
        "operatingIncomeRatio": 0,
        "totalOtherIncomeExpensesNet": 0,
        "incomeBeforeTax": 25153000000,
        "incomeBeforeTaxRatio": 0.30051014922163416,
        "incomeTaxExpense": 7247000000,
        "netIncome": 17906000000,
        "netIncomeRatio": 0.21392814900658297,
        "eps": 1.58,
        "epsdiluted": 1.5,
        "weightedAverageShsOut": 10284147000,
        "weightedAverageShsOutDil": 11035657000,
        "link": "https://www.sec.gov/Archives/edgar/data/70858/000007085817000013/0000070858-17-000013-index.htm",
        "finalLink": "https://www.sec.gov/Archives/edgar/data/70858/000007085817000013/bac-1231201610xk.htm"
    },
    {
        "date": "2015-12-31",
        "symbol": "BAC",
        "reportedCurrency": "USD",
        "cik": "0000070858",
        "fillingDate": "2016-02-24",
        "acceptedDate": "2016-02-24 16:47:44",
        "calendarYear": "2015",
        "period": "FY",
        "revenue": 82246000000,
        "costOfRevenue": 0,
        "grossProfit": 0,
        "grossProfitRatio": 0,
        "researchAndDevelopmentExpenses": 0,
        "generalAndAdministrativeExpenses": 46151000000,
        "sellingAndMarketingExpenses": 1811000000,
        "sellingGeneralAndAdministrativeExpenses": 47962000000,
        "otherExpenses": 0,
        "operatingExpenses": 0,
        "costAndExpenses": 0,
        "interestIncome": 49800000000,
        "interestExpense": 10549000000,
        "depreciationAndAmortization": 2389000000,
        "ebitda": 35092000000,
        "ebitdaratio": 0.4266712058945116,
        "operatingIncome": 0,
        "operatingIncomeRatio": 0,
        "totalOtherIncomeExpensesNet": 0,
        "incomeBeforeTax": 22154000000,
        "incomeBeforeTaxRatio": 0.2693626437759891,
        "incomeTaxExpense": 6266000000,
        "netIncome": 15888000000,
        "netIncomeRatio": 0.1931765678574034,
        "eps": 1.38,
        "epsdiluted": 1.31,
        "weightedAverageShsOut": 10462282000,
        "weightedAverageShsOutDil": 11213992000,
        "link": "https://www.sec.gov/Archives/edgar/data/70858/000007085816000137/0000070858-16-000137-index.htm",
        "finalLink": "https://www.sec.gov/Archives/edgar/data/70858/000007085816000137/bac-1231201510xk.htm"
    },
    {
        "date": "2014-12-31",
        "symbol": "BAC",
        "reportedCurrency": "USD",
        "cik": "0000070858",
        "fillingDate": "2015-02-25",
        "acceptedDate": "2015-02-25 16:06:24",
        "calendarYear": "2014",
        "period": "FY",
        "revenue": 83117000000,
        "costOfRevenue": 0,
        "grossProfit": 0,
        "grossProfitRatio": 0,
        "researchAndDevelopmentExpenses": 0,
        "generalAndAdministrativeExpenses": 63495000000,
        "sellingAndMarketingExpenses": 1829000000,
        "sellingGeneralAndAdministrativeExpenses": 65324000000,
        "otherExpenses": 0,
        "operatingExpenses": 0,
        "costAndExpenses": 0,
        "interestIncome": 50886000000,
        "interestExpense": 10934000000,
        "depreciationAndAmortization": 2522000000,
        "ebitda": 20311000000,
        "ebitdaratio": 0.244366375109785,
        "operatingIncome": 0,
        "operatingIncomeRatio": 0,
        "totalOtherIncomeExpensesNet": 0,
        "incomeBeforeTax": 6855000000,
        "incomeBeforeTaxRatio": 0.08247410277079298,
        "incomeTaxExpense": 2022000000,
        "netIncome": 4833000000,
        "netIncomeRatio": 0.05814694948085229,
        "eps": 0.36,
        "epsdiluted": 0.36,
        "weightedAverageShsOut": 10527818000,
        "weightedAverageShsOutDil": 10584535000,
        "link": "https://www.sec.gov/Archives/edgar/data/70858/000007085815000008/0000070858-15-000008-index.htm",
        "finalLink": "https://www.sec.gov/Archives/edgar/data/70858/000007085815000008/bac-12312014x10k.htm"
    },
    {
        "date": "2013-12-31",
        "symbol": "BAC",
        "reportedCurrency": "USD",
        "cik": "0000070858",
        "fillingDate": "2014-02-25",
        "acceptedDate": "2014-02-25 16:07:46",
        "calendarYear": "2013",
        "period": "FY",
        "revenue": 86041000000,
        "costOfRevenue": 0,
        "grossProfit": 0,
        "grossProfitRatio": 0,
        "researchAndDevelopmentExpenses": 0,
        "generalAndAdministrativeExpenses": 50689000000,
        "sellingAndMarketingExpenses": 1834000000,
        "sellingGeneralAndAdministrativeExpenses": 52523000000,
        "otherExpenses": 0,
        "operatingExpenses": 0,
        "costAndExpenses": 0,
        "interestIncome": 55020000000,
        "interestExpense": 12755000000,
        "depreciationAndAmortization": 2683000000,
        "ebitda": 31610000000,
        "ebitdaratio": 0.36738299182947665,
        "operatingIncome": 0,
        "operatingIncomeRatio": 0,
        "totalOtherIncomeExpensesNet": 0,
        "incomeBeforeTax": 16172000000,
        "incomeBeforeTaxRatio": 0.18795690426657058,
        "incomeTaxExpense": 4741000000,
        "netIncome": 11431000000,
        "netIncomeRatio": 0.13285526667518974,
        "eps": 0.94,
        "epsdiluted": 0.9,
        "weightedAverageShsOut": 10731165000,
        "weightedAverageShsOutDil": 11491418000,
        "link": "https://www.sec.gov/Archives/edgar/data/70858/000007085814000012/0000070858-14-000012-index.htm",
        "finalLink": "https://www.sec.gov/Archives/edgar/data/70858/000007085814000012/bac-12312013x10k.htm"
    },
    {
        "date": "2012-12-31",
        "symbol": "BAC",
        "reportedCurrency": "USD",
        "cik": "0000070858",
        "fillingDate": "2013-02-28",
        "acceptedDate": "2013-02-28 16:03:27",
        "calendarYear": "2012",
        "period": "FY",
        "revenue": 81264000000,
        "costOfRevenue": 0,
        "grossProfit": 0,
        "grossProfitRatio": 0,
        "researchAndDevelopmentExpenses": 0,
        "generalAndAdministrativeExpenses": 58543000000,
        "sellingAndMarketingExpenses": 1873000000,
        "sellingGeneralAndAdministrativeExpenses": 60416000000,
        "otherExpenses": 0,
        "operatingExpenses": 0,
        "costAndExpenses": 0,
        "interestIncome": 57400000000,
        "interestExpense": 16744000000,
        "depreciationAndAmortization": 3038000000,
        "ebitda": 22854000000,
        "ebitdaratio": 0.28123154164205555,
        "operatingIncome": 0,
        "operatingIncomeRatio": 0,
        "totalOtherIncomeExpensesNet": 0,
        "incomeBeforeTax": 3072000000,
        "incomeBeforeTaxRatio": 0.03780271707028943,
        "incomeTaxExpense": -1116000000,
        "netIncome": 4188000000,
        "netIncomeRatio": 0.05153573538098051,
        "eps": 0.26,
        "epsdiluted": 0.25,
        "weightedAverageShsOut": 10746028000,
        "weightedAverageShsOutDil": 10840854000,
        "link": "https://www.sec.gov/Archives/edgar/data/70858/000007085813000097/0000070858-13-000097-index.htm",
        "finalLink": "https://www.sec.gov/Archives/edgar/data/70858/000007085813000097/bac-12312012x10k.htm"
    },
    {
        "date": "2011-12-31",
        "symbol": "BAC",
        "reportedCurrency": "USD",
        "cik": "0000070858",
        "fillingDate": "2012-02-23",
        "acceptedDate": "2012-02-23 16:13:53",
        "calendarYear": "2011",
        "period": "FY",
        "revenue": 86094000000,
        "costOfRevenue": 0,
        "grossProfit": 0,
        "grossProfitRatio": 0,
        "researchAndDevelopmentExpenses": 0,
        "generalAndAdministrativeExpenses": 56671000000,
        "sellingAndMarketingExpenses": 2203000000,
        "sellingGeneralAndAdministrativeExpenses": 58874000000,
        "otherExpenses": 299000000,
        "operatingExpenses": 0,
        "costAndExpenses": 0,
        "interestIncome": 66236000000,
        "interestExpense": 21620000000,
        "depreciationAndAmortization": 3485000000,
        "ebitda": 24875000000,
        "ebitdaratio": 0.28892838060724324,
        "operatingIncome": 0,
        "operatingIncomeRatio": 0,
        "totalOtherIncomeExpensesNet": 0,
        "incomeBeforeTax": -230000000,
        "incomeBeforeTaxRatio": -0.002671498594559435,
        "incomeTaxExpense": -1676000000,
        "netIncome": 1446000000,
        "netIncomeRatio": 0.016795595511882363,
        "eps": 0.01,
        "epsdiluted": 0.01,
        "weightedAverageShsOut": 10142625000,
        "weightedAverageShsOutDil": 10254824000,
        "link": "https://www.sec.gov/Archives/edgar/data/70858/000007085812000155/0000070858-12-000155-index.htm",
        "finalLink": "https://www.sec.gov/Archives/edgar/data/70858/000007085812000155/bac-12312011x10k.htm"
    },
    {
        "date": "2010-12-31",
        "symbol": "BAC",
        "reportedCurrency": "USD",
        "cik": "0000070858",
        "fillingDate": "2011-02-25",
        "acceptedDate": "2011-02-25 16:27:28",
        "calendarYear": "2010",
        "period": "FY",
        "revenue": 104960000000,
        "costOfRevenue": 0,
        "grossProfit": 0,
        "grossProfitRatio": 0,
        "researchAndDevelopmentExpenses": 0,
        "generalAndAdministrativeExpenses": 55331000000,
        "sellingAndMarketingExpenses": 1963000000,
        "sellingGeneralAndAdministrativeExpenses": 57294000000,
        "otherExpenses": 967000000,
        "operatingExpenses": 0,
        "costAndExpenses": 0,
        "interestIncome": 75497000000,
        "interestExpense": 23974000000,
        "depreciationAndAmortization": 3912000000,
        "ebitda": 26563000000,
        "ebitdaratio": 0.253077362804878,
        "operatingIncome": 0,
        "operatingIncomeRatio": 0,
        "totalOtherIncomeExpensesNet": 0,
        "incomeBeforeTax": -1323000000,
        "incomeBeforeTaxRatio": -0.012604801829268293,
        "incomeTaxExpense": 915000000,
        "netIncome": -2238000000,
        "netIncomeRatio": -0.021322408536585367,
        "eps": -0.37,
        "epsdiluted": -0.37,
        "weightedAverageShsOut": 9790472000,
        "weightedAverageShsOutDil": 9790472000,
        "link": "https://www.sec.gov/Archives/edgar/data/70858/000095012311018743/0000950123-11-018743-index.htm",
        "finalLink": "https://www.sec.gov/Archives/edgar/data/70858/000095012311018743/g25571e10vk.htm"
    },
    {
        "date": "2009-12-31",
        "symbol": "BAC",
        "reportedCurrency": "USD",
        "cik": "0000070858",
        "fillingDate": "2010-02-26",
        "acceptedDate": "2010-02-26 07:51:04",
        "calendarYear": "2009",
        "period": "FY",
        "revenue": 109629000000,
        "costOfRevenue": 0,
        "grossProfit": 0,
        "grossProfitRatio": 0,
        "researchAndDevelopmentExpenses": 0,
        "generalAndAdministrativeExpenses": 50014000000,
        "sellingAndMarketingExpenses": 1933000000,
        "sellingGeneralAndAdministrativeExpenses": 51947000000,
        "otherExpenses": 0,
        "operatingExpenses": 0,
        "costAndExpenses": 0,
        "interestIncome": 77916000000,
        "interestExpense": 30807000000,
        "depreciationAndAmortization": 4314000000,
        "ebitda": 39481000000,
        "ebitdaratio": 0.36013281157357996,
        "operatingIncome": 0,
        "operatingIncomeRatio": 0,
        "totalOtherIncomeExpensesNet": 0,
        "incomeBeforeTax": 4360000000,
        "incomeBeforeTaxRatio": 0.03977049868191811,
        "incomeTaxExpense": -1916000000,
        "netIncome": 6276000000,
        "netIncomeRatio": 0.057247626084339,
        "eps": -0.29,
        "epsdiluted": -0.29,
        "weightedAverageShsOut": 7728570000,
        "weightedAverageShsOutDil": 7728570000,
        "link": "https://www.sec.gov/Archives/edgar/data/70858/000119312510041666/0001193125-10-041666-index.htm",
        "finalLink": "https://www.sec.gov/Archives/edgar/data/70858/000119312510041666/d10k.htm"
    },
    {
        "date": "2008-12-31",
        "symbol": "BAC",
        "reportedCurrency": "USD",
        "cik": "0000070858",
        "fillingDate": "2009-02-27",
        "acceptedDate": "2009-02-27 16:56:02",
        "calendarYear": "2008",
        "period": "FY",
        "revenue": 72243000000,
        "costOfRevenue": 0,
        "grossProfit": 0,
        "grossProfitRatio": 0,
        "researchAndDevelopmentExpenses": 0,
        "generalAndAdministrativeExpenses": 29519000000,
        "sellingAndMarketingExpenses": 2368000000,
        "sellingGeneralAndAdministrativeExpenses": 31887000000,
        "otherExpenses": 0,
        "operatingExpenses": 0,
        "costAndExpenses": 0,
        "interestIncome": 85684000000,
        "interestExpense": 40324000000,
        "depreciationAndAmortization": 3319000000,
        "ebitda": 48071000000,
        "ebitdaratio": 0.6654070290547182,
        "operatingIncome": 0,
        "operatingIncomeRatio": 0,
        "totalOtherIncomeExpensesNet": 0,
        "incomeBeforeTax": 4428000000,
        "incomeBeforeTaxRatio": 0.06129313566712346,
        "incomeTaxExpense": 420000000,
        "netIncome": 4008000000,
        "netIncomeRatio": 0.05547942361197625,
        "eps": 0.56,
        "epsdiluted": 0.55,
        "weightedAverageShsOut": 4592085000,
        "weightedAverageShsOutDil": 4612491000,
        "link": "https://www.sec.gov/Archives/edgar/data/70858/000119312509041126/0001193125-09-041126-index.htm",
        "finalLink": "https://www.sec.gov/Archives/edgar/data/70858/000119312509041126/d10k.htm"
    },
    {
        "date": "2007-12-31",
        "symbol": "BAC",
        "reportedCurrency": "USD",
        "cik": "0000070858",
        "fillingDate": "2008-02-28",
        "acceptedDate": "2008-02-28 15:41:45",
        "calendarYear": "2007",
        "period": "FY",
        "revenue": 62255000000,
        "costOfRevenue": 0,
        "grossProfit": 0,
        "grossProfitRatio": 0,
        "researchAndDevelopmentExpenses": 0,
        "generalAndAdministrativeExpenses": 26965000000,
        "sellingAndMarketingExpenses": 2356000000,
        "sellingGeneralAndAdministrativeExpenses": 29321000000,
        "otherExpenses": 0,
        "operatingExpenses": 0,
        "costAndExpenses": 0,
        "interestIncome": 87304000000,
        "interestExpense": 52871000000,
        "depreciationAndAmortization": 2844000000,
        "ebitda": 76639000000,
        "ebitdaratio": 1.2310497148823387,
        "operatingIncome": 0,
        "operatingIncomeRatio": 0,
        "totalOtherIncomeExpensesNet": 0,
        "incomeBeforeTax": 20924000000,
        "incomeBeforeTaxRatio": 0.3361015179503654,
        "incomeTaxExpense": 5942000000,
        "netIncome": 14982000000,
        "netIncomeRatio": 0.24065536904666293,
        "eps": 3.35,
        "epsdiluted": 3.3,
        "weightedAverageShsOut": 4423579000,
        "weightedAverageShsOutDil": 4480254000,
        "link": "https://www.sec.gov/Archives/edgar/data/70858/000119312508041665/0001193125-08-041665-index.htm",
        "finalLink": "https://www.sec.gov/Archives/edgar/data/70858/000119312508041665/d10k.htm"
    },
    {
        "date": "2006-12-31",
        "symbol": "BAC",
        "reportedCurrency": "USD",
        "cik": "0000070858",
        "fillingDate": "2007-02-28",
        "acceptedDate": "2007-02-28 10:31:30",
        "calendarYear": "2006",
        "period": "FY",
        "revenue": 69391000000,
        "costOfRevenue": 0,
        "grossProfit": 0,
        "grossProfitRatio": 0,
        "researchAndDevelopmentExpenses": 0,
        "generalAndAdministrativeExpenses": 25468000000,
        "sellingAndMarketingExpenses": 2336000000,
        "sellingGeneralAndAdministrativeExpenses": 27804000000,
        "otherExpenses": 0,
        "operatingExpenses": 0,
        "costAndExpenses": 0,
        "interestIncome": 78585000000,
        "interestExpense": 43994000000,
        "depreciationAndAmortization": 2869000000,
        "ebitda": 78836000000,
        "ebitdaratio": 1.1361127523742272,
        "operatingIncome": 0,
        "operatingIncomeRatio": 0,
        "totalOtherIncomeExpensesNet": 0,
        "incomeBeforeTax": 31973000000,
        "incomeBeforeTaxRatio": 0.460765805363808,
        "incomeTaxExpense": 10840000000,
        "netIncome": 21133000000,
        "netIncomeRatio": 0.30454958135781296,
        "eps": 4.66,
        "epsdiluted": 4.59,
        "weightedAverageShsOut": 4526637000,
        "weightedAverageShsOutDil": 4595896000,
        "link": "https://www.sec.gov/Archives/edgar/data/70858/000119312507042036/0001193125-07-042036-index.htm",
        "finalLink": "https://www.sec.gov/Archives/edgar/data/70858/000119312507042036/d10k.htm"
    },
    {
        "date": "2005-12-31",
        "symbol": "BAC",
        "reportedCurrency": "USD",
        "cik": "0000070858",
        "fillingDate": "2006-03-16",
        "acceptedDate": "2006-03-16 10:48:00",
        "calendarYear": "2005",
        "period": "FY",
        "revenue": 57175000000,
        "costOfRevenue": 0,
        "grossProfit": 0,
        "grossProfitRatio": 0,
        "researchAndDevelopmentExpenses": 0,
        "generalAndAdministrativeExpenses": 15054000000,
        "sellingAndMarketingExpenses": 1255000000,
        "sellingGeneralAndAdministrativeExpenses": 16309000000,
        "otherExpenses": 0,
        "operatingExpenses": 0,
        "costAndExpenses": 0,
        "interestIncome": 58626000000,
        "interestExpense": 27889000000,
        "depreciationAndAmortization": 1768000000,
        "ebitda": 54137000000,
        "ebitdaratio": 0.9468648885002187,
        "operatingIncome": 0,
        "operatingIncomeRatio": 0,
        "totalOtherIncomeExpensesNet": 0,
        "incomeBeforeTax": 24480000000,
        "incomeBeforeTaxRatio": 0.42815916047223435,
        "incomeTaxExpense": 8015000000,
        "netIncome": 16465000000,
        "netIncomeRatio": 0.2879755137735024,
        "eps": 4.1,
        "epsdiluted": 4.04,
        "weightedAverageShsOut": 4008688000,
        "weightedAverageShsOutDil": 4068140000,
        "link": "https://www.sec.gov/Archives/edgar/data/70858/000119312506056053/0001193125-06-056053-index.htm",
        "finalLink": "https://www.sec.gov/Archives/edgar/data/70858/000119312506056053/d10k.htm"
    },
    {
        "date": "2004-12-31",
        "symbol": "BAC",
        "reportedCurrency": "USD",
        "cik": "0000070858",
        "fillingDate": "2005-03-01",
        "acceptedDate": "2005-03-01 16:46:19",
        "calendarYear": "2004",
        "period": "FY",
        "revenue": 51017000000,
        "costOfRevenue": 0,
        "grossProfit": 0,
        "grossProfitRatio": 0,
        "researchAndDevelopmentExpenses": 0,
        "generalAndAdministrativeExpenses": 13473000000,
        "sellingAndMarketingExpenses": 1349000000,
        "sellingGeneralAndAdministrativeExpenses": 14822000000,
        "otherExpenses": 0,
        "operatingExpenses": 0,
        "costAndExpenses": 0,
        "interestIncome": 43227000000,
        "interestExpense": 14430000000,
        "depreciationAndAmortization": 1636000000,
        "ebitda": 37287000000,
        "ebitdaratio": 0.7308740223846953,
        "operatingIncome": 0,
        "operatingIncomeRatio": 0,
        "totalOtherIncomeExpensesNet": 0,
        "incomeBeforeTax": 21221000000,
        "incomeBeforeTaxRatio": 0.4159593860869906,
        "incomeTaxExpense": 7078000000,
        "netIncome": 14143000000,
        "netIncomeRatio": 0.27722131838406805,
        "eps": 3.76,
        "epsdiluted": 3.69,
        "weightedAverageShsOut": 3758507000,
        "weightedAverageShsOutDil": 3823943000,
        "link": "https://www.sec.gov/Archives/edgar/data/70858/000119312505039878/0001193125-05-039878-index.htm",
        "finalLink": "https://www.sec.gov/Archives/edgar/data/70858/000119312505039878/d10k.htm"
    },
    {
        "date": "2003-12-31",
        "symbol": "BAC",
        "reportedCurrency": "USD",
        "cik": "0000070858",
        "fillingDate": "2004-03-01",
        "acceptedDate": "2004-03-01 16:38:59",
        "calendarYear": "2003",
        "period": "FY",
        "revenue": 38827000000,
        "costOfRevenue": 0,
        "grossProfit": 0,
        "grossProfitRatio": 0,
        "researchAndDevelopmentExpenses": 0,
        "generalAndAdministrativeExpenses": 10446000000,
        "sellingAndMarketingExpenses": 985000000,
        "sellingGeneralAndAdministrativeExpenses": 11431000000,
        "otherExpenses": 0,
        "operatingExpenses": 0,
        "costAndExpenses": 0,
        "interestIncome": 31643000000,
        "interestExpense": 10179000000,
        "depreciationAndAmortization": 1107000000,
        "ebitda": 27147000000,
        "ebitdaratio": 0.699178406778788,
        "operatingIncome": 0,
        "operatingIncomeRatio": 0,
        "totalOtherIncomeExpensesNet": 0,
        "incomeBeforeTax": 15861000000,
        "incomeBeforeTaxRatio": 0.40850439127411337,
        "incomeTaxExpense": 5051000000,
        "netIncome": 10810000000,
        "netIncomeRatio": 0.27841450536997453,
        "eps": 3.635,
        "epsdiluted": 3.565,
        "weightedAverageShsOut": 2973406000,
        "weightedAverageShsOutDil": 3030356000,
        "link": "https://www.sec.gov/Archives/edgar/data/70858/000119312504032312/0001193125-04-032312-index.htm",
        "finalLink": "https://www.sec.gov/Archives/edgar/data/70858/000119312504032312/d10k.htm"
    },
    {
        "date": "2002-12-31",
        "symbol": "BAC",
        "reportedCurrency": "USD",
        "cik": "0000070858",
        "fillingDate": "2003-03-03",
        "acceptedDate": "2003-03-03 17:00:32",
        "calendarYear": "2002",
        "period": "FY",
        "revenue": 35124000000,
        "costOfRevenue": 0,
        "grossProfit": 0,
        "grossProfitRatio": 0,
        "researchAndDevelopmentExpenses": 0,
        "generalAndAdministrativeExpenses": 9682000000,
        "sellingAndMarketingExpenses": 753000000,
        "sellingGeneralAndAdministrativeExpenses": 10435000000,
        "otherExpenses": 0,
        "operatingExpenses": 0,
        "costAndExpenses": 0,
        "interestIncome": 32161000000,
        "interestExpense": 11238000000,
        "depreciationAndAmortization": 1104000000,
        "ebitda": 25333000000,
        "ebitdaratio": 0.7212447329461337,
        "operatingIncome": 0,
        "operatingIncomeRatio": 0,
        "totalOtherIncomeExpensesNet": 0,
        "incomeBeforeTax": 12991000000,
        "incomeBeforeTaxRatio": 0.3698610636601754,
        "incomeTaxExpense": 3742000000,
        "netIncome": 9249000000,
        "netIncomeRatio": 0.2633242227536727,
        "eps": 3.04,
        "epsdiluted": 2.955,
        "weightedAverageShsOut": 3040084000,
        "weightedAverageShsOutDil": 3128257191,
        "link": "https://www.sec.gov/Archives/edgar/data/70858/000102140803003673/0001021408-03-003673-index.htm",
        "finalLink": "https://www.sec.gov/Archives/edgar/data/70858/000102140803003673/d10k.htm"
    },
    {
        "date": "2001-12-31",
        "symbol": "BAC",
        "reportedCurrency": "USD",
        "cik": "0000070858",
        "fillingDate": "2002-03-27",
        "acceptedDate": "2002-03-27 00:00:00",
        "calendarYear": "2001",
        "period": "FY",
        "revenue": 35113000000,
        "costOfRevenue": 0,
        "grossProfit": 0,
        "grossProfitRatio": 0,
        "researchAndDevelopmentExpenses": 0,
        "generalAndAdministrativeExpenses": 9829000000,
        "sellingAndMarketingExpenses": 682000000,
        "sellingGeneralAndAdministrativeExpenses": 10511000000,
        "otherExpenses": 0,
        "operatingExpenses": 0,
        "costAndExpenses": 0,
        "interestIncome": 38293000000,
        "interestExpense": 18003000000,
        "depreciationAndAmortization": 1732000000,
        "ebitda": 29852000000,
        "ebitdaratio": 0.8501694529091789,
        "operatingIncome": 0,
        "operatingIncomeRatio": 0,
        "totalOtherIncomeExpensesNet": 0,
        "incomeBeforeTax": 10117000000,
        "incomeBeforeTaxRatio": 0.28812690456526074,
        "incomeTaxExpense": 3325000000,
        "netIncome": 6792000000,
        "netIncomeRatio": 0.19343263178879616,
        "eps": 2.13,
        "epsdiluted": 2.09,
        "weightedAverageShsOut": 3189914000,
        "weightedAverageShsOutDil": 3247368421,
        "link": "https://www.sec.gov/Archives/edgar/data/70858/000095016802000551/0000950168-02-000551-index.htm",
        "finalLink": "https://www.sec.gov/Archives/edgar/data/70858/000095016802000551/d10k.txt"
    },
    {
        "date": "2000-12-31",
        "symbol": "BAC",
        "reportedCurrency": "USD",
        "cik": "0000070858",
        "fillingDate": "2001-03-19",
        "acceptedDate": "2001-03-19 00:00:00",
        "calendarYear": "2000",
        "period": "FY",
        "revenue": 32956000000,
        "costOfRevenue": 0,
        "grossProfit": 0,
        "grossProfitRatio": 0,
        "researchAndDevelopmentExpenses": 0,
        "generalAndAdministrativeExpenses": 9400000000,
        "sellingAndMarketingExpenses": 621000000,
        "sellingGeneralAndAdministrativeExpenses": 10021000000,
        "otherExpenses": 0,
        "operatingExpenses": 0,
        "costAndExpenses": 0,
        "interestIncome": 43258000000,
        "interestExpense": 24816000000,
        "depreciationAndAmortization": 1784000000,
        "ebitda": 38388000000,
        "ebitdaratio": 1.1648258283772301,
        "operatingIncome": 0,
        "operatingIncomeRatio": 0,
        "totalOtherIncomeExpensesNet": 0,
        "incomeBeforeTax": 11788000000,
        "incomeBeforeTaxRatio": 0.3576890399320306,
        "incomeTaxExpense": 4271000000,
        "netIncome": 7517000000,
        "netIncomeRatio": 0.22809200145648745,
        "eps": 2.28,
        "epsdiluted": 2.26,
        "weightedAverageShsOut": 3292796000,
        "weightedAverageShsOutDil": 3323451327,
        "link": "https://www.sec.gov/Archives/edgar/data/70858/000095016801000538/0000950168-01-000538-index.htm",
        "finalLink": "https://www.sec.gov/Archives/edgar/data/70858/000095016801000538/0000950168-01-000538-0001.txt"
    },
    {
        "date": "1999-12-31",
        "symbol": "BAC",
        "reportedCurrency": "USD",
        "cik": "0000070858",
        "fillingDate": "2000-03-20",
        "acceptedDate": "2000-03-20 00:00:00",
        "calendarYear": "1999",
        "period": "FY",
        "revenue": 32546000000,
        "costOfRevenue": 0,
        "grossProfit": 0,
        "grossProfitRatio": 0,
        "researchAndDevelopmentExpenses": 0,
        "generalAndAdministrativeExpenses": 9308000000,
        "sellingAndMarketingExpenses": 537000000,
        "sellingGeneralAndAdministrativeExpenses": 9845000000,
        "otherExpenses": 0,
        "operatingExpenses": 0,
        "costAndExpenses": 0,
        "interestIncome": 37323000000,
        "interestExpense": 19086000000,
        "depreciationAndAmortization": 1917000000,
        "ebitda": 33218000000,
        "ebitdaratio": 1.0206476986419222,
        "operatingIncome": 0,
        "operatingIncomeRatio": 0,
        "totalOtherIncomeExpensesNet": 0,
        "incomeBeforeTax": 12215000000,
        "incomeBeforeTaxRatio": 0.3753149388557734,
        "incomeTaxExpense": 4333000000,
        "netIncome": 7882000000,
        "netIncomeRatio": 0.2421802986542125,
        "eps": 2.28,
        "epsdiluted": 2.24,
        "weightedAverageShsOut": 3452012000,
        "weightedAverageShsOutDil": 3516071429,
        "link": "https://www.sec.gov/Archives/edgar/data/70858/0000950168-00-000621-index.html",
        "finalLink": "https://www.sec.gov/Archives/edgar/data/70858/000095016800000621/"
    },
    {
        "date": "1998-12-31",
        "symbol": "BAC",
        "reportedCurrency": "USD",
        "cik": "0000070858",
        "fillingDate": "1998-12-31",
        "acceptedDate": "1998-12-30 19:00:00",
        "calendarYear": "1998",
        "period": "FY",
        "revenue": 31504000000,
        "costOfRevenue": 0,
        "grossProfit": 0,
        "grossProfitRatio": 0,
        "researchAndDevelopmentExpenses": 0,
        "generalAndAdministrativeExpenses": 9412000000,
        "sellingAndMarketingExpenses": 581000000,
        "sellingGeneralAndAdministrativeExpenses": 9993000000,
        "otherExpenses": 0,
        "operatingExpenses": 0,
        "costAndExpenses": 0,
        "interestIncome": 38588000000,
        "interestExpense": 20290000000,
        "depreciationAndAmortization": 1998000000,
        "ebitda": 30336000000,
        "ebitdaratio": 0.962925342813611,
        "operatingIncome": 0,
        "operatingIncomeRatio": 0,
        "totalOtherIncomeExpensesNet": 0,
        "incomeBeforeTax": 8048000000,
        "incomeBeforeTaxRatio": 0.25545962417470797,
        "incomeTaxExpense": 2883000000,
        "netIncome": 5165000000,
        "netIncomeRatio": 0.16394743524631794,
        "eps": 1.485,
        "epsdiluted": 1.45,
        "weightedAverageShsOut": 3464114000,
        "weightedAverageShsOutDil": 3544827586,
        "link": "",
        "finalLink": ""
    },
    {
        "date": "1997-12-31",
        "symbol": "BAC",
        "reportedCurrency": "USD",
        "cik": "0000070858",
        "fillingDate": "1997-12-31",
        "acceptedDate": "1997-12-30 19:00:00",
        "calendarYear": "1997",
        "period": "FY",
        "revenue": 13053000000,
        "costOfRevenue": 0,
        "grossProfit": 0,
        "grossProfitRatio": 0,
        "researchAndDevelopmentExpenses": 0,
        "generalAndAdministrativeExpenses": 3643000000,
        "sellingAndMarketingExpenses": 300000000,
        "sellingGeneralAndAdministrativeExpenses": 3943000000,
        "otherExpenses": 0,
        "operatingExpenses": 0,
        "costAndExpenses": 0,
        "interestIncome": 16579000000,
        "interestExpense": 8681000000,
        "depreciationAndAmortization": 865000000,
        "ebitda": 14342000000,
        "ebitdaratio": 1.0987512449245385,
        "operatingIncome": 0,
        "operatingIncomeRatio": 0,
        "totalOtherIncomeExpensesNet": 0,
        "incomeBeforeTax": 4796000000,
        "incomeBeforeTaxRatio": 0.36742511300084274,
        "incomeTaxExpense": 1719000000,
        "netIncome": 3077000000,
        "netIncomeRatio": 0.23573124952118288,
        "eps": 2.135,
        "epsdiluted": 2.085,
        "weightedAverageShsOut": 1434900000,
        "weightedAverageShsOutDil": 1470503597,
        "link": "",
        "finalLink": ""
    },
    {
        "date": "1996-12-31",
        "symbol": "BAC",
        "reportedCurrency": "USD",
        "cik": "0000070858",
        "fillingDate": "1996-12-31",
        "acceptedDate": "1996-12-30 19:00:00",
        "calendarYear": "1996",
        "period": "FY",
        "revenue": 10042000000,
        "costOfRevenue": 0,
        "grossProfit": 0,
        "grossProfitRatio": 0,
        "researchAndDevelopmentExpenses": 0,
        "generalAndAdministrativeExpenses": 0,
        "sellingAndMarketingExpenses": 0,
        "sellingGeneralAndAdministrativeExpenses": 0,
        "otherExpenses": 0,
        "operatingExpenses": 0,
        "costAndExpenses": 0,
        "interestIncome": 13796000000,
        "interestExpense": 7467000000,
        "depreciationAndAmortization": 442000000,
        "ebitda": 11543000000,
        "ebitdaratio": 1.1494722166899025,
        "operatingIncome": 0,
        "operatingIncomeRatio": 0,
        "totalOtherIncomeExpensesNet": 0,
        "incomeBeforeTax": 3634000000,
        "incomeBeforeTaxRatio": 0.36188010356502687,
        "incomeTaxExpense": 1259000000,
        "netIncome": 2375000000,
        "netIncomeRatio": 0.23650667197769368,
        "eps": 2,
        "epsdiluted": 1.96,
        "weightedAverageShsOut": 1180432000,
        "weightedAverageShsOutDil": 1204081633,
        "link": "",
        "finalLink": ""
    },
    {
        "date": "1995-12-31",
        "symbol": "BAC",
        "reportedCurrency": "USD",
        "cik": "0000070858",
        "fillingDate": "1995-12-31",
        "acceptedDate": "1995-12-30 19:00:00",
        "calendarYear": "1995",
        "period": "FY",
        "revenue": 8536000000,
        "costOfRevenue": 0,
        "grossProfit": 0,
        "grossProfitRatio": 0,
        "researchAndDevelopmentExpenses": 0,
        "generalAndAdministrativeExpenses": 0,
        "sellingAndMarketingExpenses": 0,
        "sellingGeneralAndAdministrativeExpenses": 0,
        "otherExpenses": 0,
        "operatingExpenses": 0,
        "costAndExpenses": 0,
        "interestIncome": 13220000000,
        "interestExpense": 7773000000,
        "depreciationAndAmortization": 399000000,
        "ebitda": 11163000000,
        "ebitdaratio": 1.3077553889409559,
        "operatingIncome": 0,
        "operatingIncomeRatio": 0,
        "totalOtherIncomeExpensesNet": 0,
        "incomeBeforeTax": 2991000000,
        "incomeBeforeTaxRatio": 0.350398313027179,
        "incomeTaxExpense": 1041000000,
        "netIncome": 1950000000,
        "netIncomeRatio": 0.22844423617619494,
        "eps": 1.7825,
        "epsdiluted": 1.76,
        "weightedAverageShsOut": 1089920000,
        "weightedAverageShsOutDil": 1103409091,
        "link": "",
        "finalLink": ""
    },
    {
        "date": "1994-12-31",
        "symbol": "BAC",
        "reportedCurrency": "USD",
        "cik": "0000070858",
        "fillingDate": "1994-12-31",
        "acceptedDate": "1994-12-30 19:00:00",
        "calendarYear": "1994",
        "period": "FY",
        "revenue": 7807000000,
        "costOfRevenue": 0,
        "grossProfit": 0,
        "grossProfitRatio": 0,
        "researchAndDevelopmentExpenses": 0,
        "generalAndAdministrativeExpenses": 0,
        "sellingAndMarketingExpenses": 0,
        "sellingGeneralAndAdministrativeExpenses": 0,
        "otherExpenses": 0,
        "operatingExpenses": 0,
        "costAndExpenses": 0,
        "interestIncome": 10529000000,
        "interestExpense": 5318000000,
        "depreciationAndAmortization": 406000000,
        "ebitda": 8279000000,
        "ebitdaratio": 1.060458562828231,
        "operatingIncome": 0,
        "operatingIncomeRatio": 0,
        "totalOtherIncomeExpensesNet": 0,
        "incomeBeforeTax": 2555000000,
        "incomeBeforeTaxRatio": 0.32727039836044575,
        "incomeTaxExpense": 865000000,
        "netIncome": 1690000000,
        "netIncomeRatio": 0.21647239656718328,
        "eps": 1.53,
        "epsdiluted": 1.515,
        "weightedAverageShsOut": 1098624000,
        "weightedAverageShsOutDil": 1108910891,
        "link": "",
        "finalLink": ""
    },
    {
        "date": "1993-12-31",
        "symbol": "BAC",
        "reportedCurrency": "USD",
        "cik": "0000070858",
        "fillingDate": "1993-12-31",
        "acceptedDate": "1993-12-30 19:00:00",
        "calendarYear": "1993",
        "period": "FY",
        "revenue": 6822000000,
        "costOfRevenue": 0,
        "grossProfit": 0,
        "grossProfitRatio": 0,
        "researchAndDevelopmentExpenses": 0,
        "generalAndAdministrativeExpenses": 0,
        "sellingAndMarketingExpenses": 0,
        "sellingGeneralAndAdministrativeExpenses": 0,
        "otherExpenses": 0,
        "operatingExpenses": 0,
        "costAndExpenses": 0,
        "interestIncome": 8207000000,
        "interestExpense": 3570000000,
        "depreciationAndAmortization": 352000000,
        "ebitda": 6113000000,
        "ebitdaratio": 0.8960715332746995,
        "operatingIncome": 0,
        "operatingIncomeRatio": 0,
        "totalOtherIncomeExpensesNet": 0,
        "incomeBeforeTax": 1991000000,
        "incomeBeforeTaxRatio": 0.2918498973907945,
        "incomeTaxExpense": 690000000,
        "netIncome": 1501000000,
        "netIncomeRatio": 0.22002345353268837,
        "eps": 1.445,
        "epsdiluted": 1.43,
        "weightedAverageShsOut": 1031833910,
        "weightedAverageShsOutDil": 1042657343,
        "link": "",
        "finalLink": ""
    },
    {
        "date": "1992-12-31",
        "symbol": "BAC",
        "reportedCurrency": "USD",
        "cik": "0000070858",
        "fillingDate": "1992-12-31",
        "acceptedDate": "1992-12-30 19:00:00",
        "calendarYear": "1992",
        "period": "FY",
        "revenue": 6260000000,
        "costOfRevenue": 0,
        "grossProfit": 0,
        "grossProfitRatio": 0,
        "researchAndDevelopmentExpenses": 0,
        "generalAndAdministrativeExpenses": 0,
        "sellingAndMarketingExpenses": 0,
        "sellingGeneralAndAdministrativeExpenses": 0,
        "otherExpenses": 0,
        "operatingExpenses": 0,
        "costAndExpenses": 0,
        "interestIncome": 7780000000,
        "interestExpense": 3682000000,
        "depreciationAndAmortization": 339000000,
        "ebitda": 5417000000,
        "ebitdaratio": 0.865335463258786,
        "operatingIncome": 0,
        "operatingIncomeRatio": 0,
        "totalOtherIncomeExpensesNet": 0,
        "incomeBeforeTax": 1396000000,
        "incomeBeforeTaxRatio": 0.2230031948881789,
        "incomeTaxExpense": 251000000,
        "netIncome": 1145000000,
        "netIncomeRatio": 0.1829073482428115,
        "eps": 1.15,
        "epsdiluted": 1.13,
        "weightedAverageShsOut": 974782609,
        "weightedAverageShsOutDil": 992035398,
        "link": "",
        "finalLink": ""
    }
]