[
    {
        "date": "2021-12-31",
        "symbol": "BLK",
        "reportedCurrency": "USD",
        "cik": "0001364742",
        "fillingDate": "2022-02-25",
        "acceptedDate": "2022-02-25 15:15:26",
        "calendarYear": "2021",
        "period": "FY",
        "revenue": 19374000000,
        "costOfRevenue": 9556000000,
        "grossProfit": 9818000000,
        "grossProfitRatio": 0.5067616393104161,
        "researchAndDevelopmentExpenses": 0,
        "generalAndAdministrativeExpenses": 1945000000,
        "sellingAndMarketingExpenses": 238000000,
        "sellingGeneralAndAdministrativeExpenses": 2183000000,
        "otherExpenses": 147000000,
        "operatingExpenses": 2330000000,
        "costAndExpenses": 11886000000,
        "interestIncome": 87000000,
        "interestExpense": 205000000,
        "depreciationAndAmortization": 415000000,
        "ebitda": 8489000000,
        "ebitdaratio": 0.4381645504284092,
        "operatingIncome": 7450000000,
        "operatingIncomeRatio": 0.3845359760503768,
        "totalOtherIncomeExpensesNet": 723000000,
        "incomeBeforeTax": 8173000000,
        "incomeBeforeTaxRatio": 0.4218540311758026,
        "incomeTaxExpense": 1968000000,
        "netIncome": 5901000000,
        "netIncomeRatio": 0.3045834623722515,
        "eps": 38.45,
        "epsdiluted": 38.11,
        "weightedAverageShsOut": 153489422,
        "weightedAverageShsOutDil": 154840582,
        "link": "https://www.sec.gov/Archives/edgar/data/1364742/000156459022007117/0001564590-22-007117-index.htm",
        "finalLink": "https://www.sec.gov/Archives/edgar/data/1364742/000156459022007117/blk-10k_20211231.htm"
    },
    {
        "date": "2020-12-31",
        "symbol": "BLK",
        "reportedCurrency": "USD",
        "cik": "0001364742",
        "fillingDate": "2021-02-25",
        "acceptedDate": "2021-02-25 15:55:29",
        "calendarYear": "2020",
        "period": "FY",
        "revenue": 16205000000,
        "costOfRevenue": 7939000000,
        "grossProfit": 8266000000,
        "grossProfitRatio": 0.5100894785560013,
        "researchAndDevelopmentExpenses": 0,
        "generalAndAdministrativeExpenses": 1618000000,
        "sellingAndMarketingExpenses": 229000000,
        "sellingGeneralAndAdministrativeExpenses": 1847000000,
        "otherExpenses": 106000000,
        "operatingExpenses": 1953000000,
        "costAndExpenses": 9892000000,
        "interestIncome": 62000000,
        "interestExpense": 205000000,
        "depreciationAndAmortization": 358000000,
        "ebitda": 6733000000,
        "ebitdaratio": 0.41548904659055846,
        "operatingIncome": 5695000000,
        "operatingIncomeRatio": 0.35143474236346806,
        "totalOtherIncomeExpensesNet": 829000000,
        "incomeBeforeTax": 6524000000,
        "incomeBeforeTaxRatio": 0.40259179265658745,
        "incomeTaxExpense": 1238000000,
        "netIncome": 4932000000,
        "netIncomeRatio": 0.30435050910212896,
        "eps": 32.13,
        "epsdiluted": 31.85,
        "weightedAverageShsOut": 153489422,
        "weightedAverageShsOutDil": 154840582,
        "link": "https://www.sec.gov/Archives/edgar/data/1364742/000156459021008796/0001564590-21-008796-index.htm",
        "finalLink": "https://www.sec.gov/Archives/edgar/data/1364742/000156459021008796/blk-10k_20201231.htm"
    },
    {
        "date": "2019-12-31",
        "symbol": "BLK",
        "reportedCurrency": "USD",
        "cik": "0001364742",
        "fillingDate": "2020-02-28",
        "acceptedDate": "2020-02-28 16:30:05",
        "calendarYear": "2019",
        "period": "FY",
        "revenue": 14539000000,
        "costOfRevenue": 7133000000,
        "grossProfit": 7406000000,
        "grossProfitRatio": 0.509388541165142,
        "researchAndDevelopmentExpenses": 0,
        "generalAndAdministrativeExpenses": 1324000000,
        "sellingAndMarketingExpenses": 350000000,
        "sellingGeneralAndAdministrativeExpenses": 1674000000,
        "otherExpenses": 97000000,
        "operatingExpenses": 1771000000,
        "costAndExpenses": 8904000000,
        "interestIncome": 97000000,
        "interestExpense": 203000000,
        "depreciationAndAmortization": 405000000,
        "ebitda": 6345000000,
        "ebitdaratio": 0.4364124080060527,
        "operatingIncome": 5551000000,
        "operatingIncomeRatio": 0.3818006740491093,
        "totalOtherIncomeExpensesNet": 236000000,
        "incomeBeforeTax": 5787000000,
        "incomeBeforeTaxRatio": 0.3980328770892083,
        "incomeTaxExpense": 1261000000,
        "netIncome": 4476000000,
        "netIncomeRatio": 0.30786161359103104,
        "eps": 28.69,
        "epsdiluted": 28.43,
        "weightedAverageShsOut": 156014343,
        "weightedAverageShsOutDil": 157459546,
        "link": "https://www.sec.gov/Archives/edgar/data/1364742/000156459020007807/0001564590-20-007807-index.htm",
        "finalLink": "https://www.sec.gov/Archives/edgar/data/1364742/000156459020007807/blk-10k_20191231.htm"
    },
    {
        "date": "2018-12-31",
        "symbol": "BLK",
        "reportedCurrency": "USD",
        "cik": "0001364742",
        "fillingDate": "2019-02-28",
        "acceptedDate": "2019-02-28 16:25:04",
        "calendarYear": "2018",
        "period": "FY",
        "revenue": 14198000000,
        "costOfRevenue": 6993000000,
        "grossProfit": 7205000000,
        "grossProfitRatio": 0.5074658402591914,
        "researchAndDevelopmentExpenses": 0,
        "generalAndAdministrativeExpenses": 1196000000,
        "sellingAndMarketingExpenses": 361000000,
        "sellingGeneralAndAdministrativeExpenses": 1557000000,
        "otherExpenses": 50000000,
        "operatingExpenses": 1607000000,
        "costAndExpenses": 8600000000,
        "interestIncome": 104000000,
        "interestExpense": 184000000,
        "depreciationAndAmortization": 220000000,
        "ebitda": 5785000000,
        "ebitdaratio": 0.40745175376813636,
        "operatingIncome": 5457000000,
        "operatingIncomeRatio": 0.38434990843780814,
        "totalOtherIncomeExpensesNet": -79000000,
        "incomeBeforeTax": 5378000000,
        "incomeBeforeTaxRatio": 0.3787857444710523,
        "incomeTaxExpense": 1076000000,
        "netIncome": 4305000000,
        "netIncomeRatio": 0.30321171996055785,
        "eps": 26.86,
        "epsdiluted": 26.58,
        "weightedAverageShsOut": 160301116,
        "weightedAverageShsOutDil": 161948732,
        "link": "https://www.sec.gov/Archives/edgar/data/1364742/000156459019005479/0001564590-19-005479-index.htm",
        "finalLink": "https://www.sec.gov/Archives/edgar/data/1364742/000156459019005479/blk-10k_20181231.htm"
    },
    {
        "date": "2017-12-31",
        "symbol": "BLK",
        "reportedCurrency": "USD",
        "cik": "0001364742",
        "fillingDate": "2018-02-28",
        "acceptedDate": "2018-02-28 14:38:00",
        "calendarYear": "2017",
        "period": "FY",
        "revenue": 12491000000,
        "costOfRevenue": 5668000000,
        "grossProfit": 6823000000,
        "grossProfitRatio": 0.5462332879673365,
        "researchAndDevelopmentExpenses": 0,
        "generalAndAdministrativeExpenses": 1129000000,
        "sellingAndMarketingExpenses": 333000000,
        "sellingGeneralAndAdministrativeExpenses": 1462000000,
        "otherExpenses": 89000000,
        "operatingExpenses": 1551000000,
        "costAndExpenses": 7219000000,
        "interestIncome": 49000000,
        "interestExpense": 205000000,
        "depreciationAndAmortization": 240000000,
        "ebitda": 5685000000,
        "ebitdaratio": 0.4551276919381955,
        "operatingIncome": 5272000000,
        "operatingIncomeRatio": 0.4220638859979185,
        "totalOtherIncomeExpensesNet": 5000000,
        "incomeBeforeTax": 5277000000,
        "incomeBeforeTaxRatio": 0.4224641742054279,
        "incomeTaxExpense": 270000000,
        "netIncome": 4970000000,
        "netIncomeRatio": 0.3978864782643503,
        "eps": 30.54,
        "epsdiluted": 30.12,
        "weightedAverageShsOut": 162148003,
        "weightedAverageShsOutDil": 164400000,
        "link": "https://www.sec.gov/Archives/edgar/data/1364742/000156459018003744/0001564590-18-003744-index.htm",
        "finalLink": "https://www.sec.gov/Archives/edgar/data/1364742/000156459018003744/blk-10k_20171231.htm"
    },
    {
        "date": "2016-12-31",
        "symbol": "BLK",
        "reportedCurrency": "USD",
        "cik": "0001364742",
        "fillingDate": "2017-02-28",
        "acceptedDate": "2017-02-28 15:14:26",
        "calendarYear": "2016",
        "period": "FY",
        "revenue": 11155000000,
        "costOfRevenue": 5109000000,
        "grossProfit": 6046000000,
        "grossProfitRatio": 0.541999103541013,
        "researchAndDevelopmentExpenses": 0,
        "generalAndAdministrativeExpenses": 976000000,
        "sellingAndMarketingExpenses": 325000000,
        "sellingGeneralAndAdministrativeExpenses": 1301000000,
        "otherExpenses": 99000000,
        "operatingExpenses": 1400000000,
        "costAndExpenses": 6509000000,
        "interestIncome": 40000000,
        "interestExpense": 205000000,
        "depreciationAndAmortization": 229000000,
        "ebitda": 4896000000,
        "ebitdaratio": 0.43890632003585833,
        "operatingIncome": 4570000000,
        "operatingIncomeRatio": 0.4096817570596145,
        "totalOtherIncomeExpensesNet": -110000000,
        "incomeBeforeTax": 4460000000,
        "incomeBeforeTaxRatio": 0.39982070820259974,
        "incomeTaxExpense": 1290000000,
        "netIncome": 3172000000,
        "netIncomeRatio": 0.2843567906768265,
        "eps": 19.29,
        "epsdiluted": 19.04,
        "weightedAverageShsOut": 164425858,
        "weightedAverageShsOutDil": 166579752,
        "link": "https://www.sec.gov/Archives/edgar/data/1364742/000156459017002816/0001564590-17-002816-index.htm",
        "finalLink": "https://www.sec.gov/Archives/edgar/data/1364742/000156459017002816/blk-10k_20161231.htm"
    },
    {
        "date": "2015-12-31",
        "symbol": "BLK",
        "reportedCurrency": "USD",
        "cik": "0001364742",
        "fillingDate": "2016-02-26",
        "acceptedDate": "2016-02-26 13:40:10",
        "calendarYear": "2015",
        "period": "FY",
        "revenue": 11401000000,
        "costOfRevenue": 5229000000,
        "grossProfit": 6172000000,
        "grossProfitRatio": 0.5413560214016314,
        "researchAndDevelopmentExpenses": 0,
        "generalAndAdministrativeExpenses": 1015000000,
        "sellingAndMarketingExpenses": 365000000,
        "sellingGeneralAndAdministrativeExpenses": 1380000000,
        "otherExpenses": 128000000,
        "operatingExpenses": 1508000000,
        "costAndExpenses": 6737000000,
        "interestIncome": 26000000,
        "interestExpense": 204000000,
        "depreciationAndAmortization": 247000000,
        "ebitda": 5046000000,
        "ebitdaratio": 0.44259275502148937,
        "operatingIncome": 4664000000,
        "operatingIncomeRatio": 0.409086922199807,
        "totalOtherIncomeExpensesNet": -62000000,
        "incomeBeforeTax": 4602000000,
        "incomeBeforeTaxRatio": 0.40364880273660203,
        "incomeTaxExpense": 1250000000,
        "netIncome": 3345000000,
        "netIncomeRatio": 0.2933953162003333,
        "eps": 20.1,
        "epsdiluted": 19.79,
        "weightedAverageShsOut": 166390009,
        "weightedAverageShsOutDil": 169038571,
        "link": "https://www.sec.gov/Archives/edgar/data/1364742/000156459016013511/0001564590-16-013511-index.htm",
        "finalLink": "https://www.sec.gov/Archives/edgar/data/1364742/000156459016013511/blk-10k_20151231.htm"
    },
    {
        "date": "2014-12-31",
        "symbol": "BLK",
        "reportedCurrency": "USD",
        "cik": "0001364742",
        "fillingDate": "2015-02-27",
        "acceptedDate": "2015-02-27 16:34:29",
        "calendarYear": "2014",
        "period": "FY",
        "revenue": 11081000000,
        "costOfRevenue": 4997000000,
        "grossProfit": 6084000000,
        "grossProfitRatio": 0.5490479198628283,
        "researchAndDevelopmentExpenses": 0,
        "generalAndAdministrativeExpenses": 990000000,
        "sellingAndMarketingExpenses": 413000000,
        "sellingGeneralAndAdministrativeExpenses": 1403000000,
        "otherExpenses": 157000000,
        "operatingExpenses": 1560000000,
        "costAndExpenses": 6557000000,
        "interestIncome": 29000000,
        "interestExpense": 232000000,
        "depreciationAndAmortization": 278000000,
        "ebitda": 4935000000,
        "ebitdaratio": 0.44535691724573595,
        "operatingIncome": 4474000000,
        "operatingIncomeRatio": 0.4037541738110279,
        "totalOtherIncomeExpensesNet": -79000000,
        "incomeBeforeTax": 4395000000,
        "incomeBeforeTaxRatio": 0.3966248533525855,
        "incomeTaxExpense": 1131000000,
        "netIncome": 3294000000,
        "netIncomeRatio": 0.29726558974821765,
        "eps": 19.58,
        "epsdiluted": 19.25,
        "weightedAverageShsOut": 168225154,
        "weightedAverageShsOutDil": 171112261,
        "link": "https://www.sec.gov/Archives/edgar/data/1364742/000119312515069955/0001193125-15-069955-index.htm",
        "finalLink": "https://www.sec.gov/Archives/edgar/data/1364742/000119312515069955/d822114d10k.htm"
    },
    {
        "date": "2013-12-31",
        "symbol": "BLK",
        "reportedCurrency": "USD",
        "cik": "0001364742",
        "fillingDate": "2014-02-28",
        "acceptedDate": "2014-02-28 14:29:28",
        "calendarYear": "2013",
        "period": "FY",
        "revenue": 10180000000,
        "costOfRevenue": 4622000000,
        "grossProfit": 5558000000,
        "grossProfitRatio": 0.5459724950884086,
        "researchAndDevelopmentExpenses": 0,
        "generalAndAdministrativeExpenses": 1540000000,
        "sellingAndMarketingExpenses": 0,
        "sellingGeneralAndAdministrativeExpenses": 1540000000,
        "otherExpenses": 161000000,
        "operatingExpenses": 1701000000,
        "costAndExpenses": 6323000000,
        "interestIncome": 22000000,
        "interestExpense": 211000000,
        "depreciationAndAmortization": 291000000,
        "ebitda": 4456000000,
        "ebitdaratio": 0.43772102161100196,
        "operatingIncome": 3857000000,
        "operatingIncomeRatio": 0.3788801571709234,
        "totalOtherIncomeExpensesNet": 116000000,
        "incomeBeforeTax": 3973000000,
        "incomeBeforeTaxRatio": 0.39027504911591354,
        "incomeTaxExpense": 1022000000,
        "netIncome": 2932000000,
        "netIncomeRatio": 0.2880157170923379,
        "eps": 17.23,
        "epsdiluted": 16.87,
        "weightedAverageShsOut": 170185870,
        "weightedAverageShsOutDil": 173828902,
        "link": "https://www.sec.gov/Archives/edgar/data/1364742/000119312514076587/0001193125-14-076587-index.htm",
        "finalLink": "https://www.sec.gov/Archives/edgar/data/1364742/000119312514076587/d641151d10k.htm"
    },
    {
        "date": "2012-12-31",
        "symbol": "BLK",
        "reportedCurrency": "USD",
        "cik": "0001364742",
        "fillingDate": "2013-03-01",
        "acceptedDate": "2013-02-28 17:48:24",
        "calendarYear": "2012",
        "period": "FY",
        "revenue": 9337000000,
        "costOfRevenue": 4297000000,
        "grossProfit": 5040000000,
        "grossProfitRatio": 0.5397879404519653,
        "researchAndDevelopmentExpenses": 0,
        "generalAndAdministrativeExpenses": 1359000000,
        "sellingAndMarketingExpenses": 0,
        "sellingGeneralAndAdministrativeExpenses": 1359000000,
        "otherExpenses": 157000000,
        "operatingExpenses": 1516000000,
        "costAndExpenses": 5813000000,
        "interestIncome": 36000000,
        "interestExpense": 215000000,
        "depreciationAndAmortization": 295000000,
        "ebitda": 3998000000,
        "ebitdaratio": 0.4281889257791582,
        "operatingIncome": 3524000000,
        "operatingIncomeRatio": 0.37742315518903286,
        "totalOtherIncomeExpensesNet": -54000000,
        "incomeBeforeTax": 3470000000,
        "incomeBeforeTaxRatio": 0.37163971296990467,
        "incomeTaxExpense": 1030000000,
        "netIncome": 2458000000,
        "netIncomeRatio": 0.26325372175216877,
        "eps": 14.03,
        "epsdiluted": 13.79,
        "weightedAverageShsOut": 174961018,
        "weightedAverageShsOutDil": 178017679,
        "link": "https://www.sec.gov/Archives/edgar/data/1364742/000119312513084957/0001193125-13-084957-index.htm",
        "finalLink": "https://www.sec.gov/Archives/edgar/data/1364742/000119312513084957/d439552d10k.htm"
    },
    {
        "date": "2011-12-31",
        "symbol": "BLK",
        "reportedCurrency": "USD",
        "cik": "0001364742",
        "fillingDate": "2012-02-28",
        "acceptedDate": "2012-02-28 17:27:56",
        "calendarYear": "2011",
        "period": "FY",
        "revenue": 9081000000,
        "costOfRevenue": 386000000,
        "grossProfit": 8695000000,
        "grossProfitRatio": 0.9574936680982271,
        "researchAndDevelopmentExpenses": 0,
        "generalAndAdministrativeExpenses": 5177000000,
        "sellingAndMarketingExpenses": 0,
        "sellingGeneralAndAdministrativeExpenses": 5177000000,
        "otherExpenses": 237000000,
        "operatingExpenses": 5414000000,
        "costAndExpenses": 5800000000,
        "interestIncome": 34000000,
        "interestExpense": 176000000,
        "depreciationAndAmortization": 299000000,
        "ebitda": 3608000000,
        "ebitdaratio": 0.39731307124765997,
        "operatingIncome": 3249000000,
        "operatingIncomeRatio": 0.35777998017839446,
        "totalOtherIncomeExpensesNet": -114000000,
        "incomeBeforeTax": 3135000000,
        "incomeBeforeTaxRatio": 0.3452262966633631,
        "incomeTaxExpense": 796000000,
        "netIncome": 2337000000,
        "netIncomeRatio": 0.25735051205814335,
        "eps": 12.56,
        "epsdiluted": 12.37,
        "weightedAverageShsOut": 184265367,
        "weightedAverageShsOutDil": 187116410,
        "link": "https://www.sec.gov/Archives/edgar/data/1364742/000119312512085869/0001193125-12-085869-index.htm",
        "finalLink": "https://www.sec.gov/Archives/edgar/data/1364742/000119312512085869/d270105d10k.htm"
    },
    {
        "date": "2010-12-31",
        "symbol": "BLK",
        "reportedCurrency": "USD",
        "cik": "0001364742",
        "fillingDate": "2011-02-28",
        "acceptedDate": "2011-02-28 17:20:47",
        "calendarYear": "2010",
        "period": "FY",
        "revenue": 8612000000,
        "costOfRevenue": 408000000,
        "grossProfit": 8204000000,
        "grossProfitRatio": 0.9526242452392011,
        "researchAndDevelopmentExpenses": 0,
        "generalAndAdministrativeExpenses": 4944000000,
        "sellingAndMarketingExpenses": 0,
        "sellingGeneralAndAdministrativeExpenses": 4944000000,
        "otherExpenses": 262000000,
        "operatingExpenses": 5206000000,
        "costAndExpenses": 5614000000,
        "interestIncome": 29000000,
        "interestExpense": 150000000,
        "depreciationAndAmortization": 310000000,
        "ebitda": 3494000000,
        "ebitdaratio": 0.40571295866233165,
        "operatingIncome": 2998000000,
        "operatingIncomeRatio": 0.3481189038550859,
        "totalOtherIncomeExpensesNet": 23000000,
        "incomeBeforeTax": 3021000000,
        "incomeBeforeTaxRatio": 0.35078959591268,
        "incomeTaxExpense": 971000000,
        "netIncome": 2063000000,
        "netIncomeRatio": 0.23954946586158848,
        "eps": 10.67,
        "epsdiluted": 10.55,
        "weightedAverageShsOut": 190554510,
        "weightedAverageShsOutDil": 192692047,
        "link": "https://www.sec.gov/Archives/edgar/data/1364742/000119312511050218/0001193125-11-050218-index.htm",
        "finalLink": "https://www.sec.gov/Archives/edgar/data/1364742/000119312511050218/d10k.htm"
    },
    {
        "date": "2009-12-31",
        "symbol": "BLK",
        "reportedCurrency": "USD",
        "cik": "0001364742",
        "fillingDate": "2010-03-10",
        "acceptedDate": "2010-03-10 17:25:57",
        "calendarYear": "2009",
        "period": "FY",
        "revenue": 4700000000,
        "costOfRevenue": 477000000,
        "grossProfit": 4223000000,
        "grossProfitRatio": 0.8985106382978724,
        "researchAndDevelopmentExpenses": 0,
        "generalAndAdministrativeExpenses": 2676000000,
        "sellingAndMarketingExpenses": 0,
        "sellingGeneralAndAdministrativeExpenses": 2676000000,
        "otherExpenses": 247000000,
        "operatingExpenses": 2923000000,
        "costAndExpenses": 3400000000,
        "interestIncome": 20000000,
        "interestExpense": 68000000,
        "depreciationAndAmortization": 239000000,
        "ebitda": 1557000000,
        "ebitdaratio": 0.3312765957446808,
        "operatingIncome": 1278000000,
        "operatingIncomeRatio": 0.27191489361702126,
        "totalOtherIncomeExpensesNet": -6000000,
        "incomeBeforeTax": 1272000000,
        "incomeBeforeTaxRatio": 0.27063829787234045,
        "incomeTaxExpense": 375000000,
        "netIncome": 875000000,
        "netIncomeRatio": 0.18617021276595744,
        "eps": 6.24,
        "epsdiluted": 6.11,
        "weightedAverageShsOut": 136669164,
        "weightedAverageShsOutDil": 139481449,
        "link": "https://www.sec.gov/Archives/edgar/data/1364742/000119312510052764/0001193125-10-052764-index.htm",
        "finalLink": "https://www.sec.gov/Archives/edgar/data/1364742/000119312510052764/d10k.htm"
    },
    {
        "date": "2008-12-31",
        "symbol": "BLK",
        "reportedCurrency": "USD",
        "cik": "0001364742",
        "fillingDate": "2009-03-02",
        "acceptedDate": "2009-02-27 18:43:16",
        "calendarYear": "2008",
        "period": "FY",
        "revenue": 5064000000,
        "costOfRevenue": 597000000,
        "grossProfit": 4467000000,
        "grossProfitRatio": 0.8821090047393365,
        "researchAndDevelopmentExpenses": 0,
        "generalAndAdministrativeExpenses": 2560000000,
        "sellingAndMarketingExpenses": 0,
        "sellingGeneralAndAdministrativeExpenses": 2560000000,
        "otherExpenses": 276000000,
        "operatingExpenses": 2836000000,
        "costAndExpenses": 3433000000,
        "interestIncome": 65000000,
        "interestExpense": 66000000,
        "depreciationAndAmortization": 232000000,
        "ebitda": 1472000000,
        "ebitdaratio": 0.29067930489731436,
        "operatingIncome": 1593000000,
        "operatingIncomeRatio": 0.3145734597156398,
        "totalOtherIncomeExpensesNet": -574000000,
        "incomeBeforeTax": 1019000000,
        "incomeBeforeTaxRatio": 0.20122432859399683,
        "incomeTaxExpense": 388000000,
        "netIncome": 786000000,
        "netIncomeRatio": 0.1552132701421801,
        "eps": 6.07,
        "epsdiluted": 5.91,
        "weightedAverageShsOut": 129543443,
        "weightedAverageShsOutDil": 132996426,
        "link": "https://www.sec.gov/Archives/edgar/data/1364742/000119312509041298/0001193125-09-041298-index.htm",
        "finalLink": "https://www.sec.gov/Archives/edgar/data/1364742/000119312509041298/d10k.htm"
    },
    {
        "date": "2007-12-31",
        "symbol": "BLK",
        "reportedCurrency": "USD",
        "cik": "0001364742",
        "fillingDate": "2008-02-28",
        "acceptedDate": "2008-02-28 16:45:02",
        "calendarYear": "2007",
        "period": "FY",
        "revenue": 4844655000,
        "costOfRevenue": 547620000,
        "grossProfit": 4297035000,
        "grossProfitRatio": 0.8869640872260254,
        "researchAndDevelopmentExpenses": 0,
        "generalAndAdministrativeExpenses": 2765544000,
        "sellingAndMarketingExpenses": 0,
        "sellingGeneralAndAdministrativeExpenses": 2765544000,
        "otherExpenses": 237827000,
        "operatingExpenses": 3003371000,
        "costAndExpenses": 3550991000,
        "interestIncome": 74466000,
        "interestExpense": 49412000,
        "depreciationAndAmortization": 198824000,
        "ebitda": 1707340000,
        "ebitdaratio": 0.3524172515896385,
        "operatingIncome": 1293664000,
        "operatingIncomeRatio": 0.2670291279771212,
        "totalOtherIncomeExpensesNet": 529055000,
        "incomeBeforeTax": 1822719000,
        "incomeBeforeTaxRatio": 0.37623298253436005,
        "incomeTaxExpense": 463832000,
        "netIncome": 995272000,
        "netIncomeRatio": 0.2054371260698646,
        "eps": 7.75,
        "epsdiluted": 7.53,
        "weightedAverageShsOut": 128488561,
        "weightedAverageShsOutDil": 132088810,
        "link": "https://www.sec.gov/Archives/edgar/data/1364742/000119312508041884/0001193125-08-041884-index.htm",
        "finalLink": "https://www.sec.gov/Archives/edgar/data/1364742/000119312508041884/d10k.htm"
    },
    {
        "date": "2006-12-31",
        "symbol": "BLK",
        "reportedCurrency": "USD",
        "cik": "0001364742",
        "fillingDate": "2007-03-13",
        "acceptedDate": "2007-03-13 14:24:33",
        "calendarYear": "2006",
        "period": "FY",
        "revenue": 2097976000,
        "costOfRevenue": 0,
        "grossProfit": 0,
        "grossProfitRatio": 0,
        "researchAndDevelopmentExpenses": 0,
        "generalAndAdministrativeExpenses": 443260000,
        "sellingAndMarketingExpenses": 0,
        "sellingGeneralAndAdministrativeExpenses": 443260000,
        "otherExpenses": 1182916000,
        "operatingExpenses": 1626176000,
        "costAndExpenses": 1626176000,
        "interestIncome": 0,
        "interestExpense": 0,
        "depreciationAndAmortization": 72809000,
        "ebitda": 584874000,
        "ebitdaratio": 0.2787801195056569,
        "operatingIncome": 471800000,
        "operatingIncomeRatio": 0.22488341144035967,
        "totalOtherIncomeExpensesNet": 56433000,
        "incomeBeforeTax": 528233000,
        "incomeBeforeTaxRatio": 0.2517821938859167,
        "incomeTaxExpense": 189463000,
        "netIncome": 322602000,
        "netIncomeRatio": 0.15376820325875987,
        "eps": 4,
        "epsdiluted": 3.87,
        "weightedAverageShsOut": 80638167,
        "weightedAverageShsOutDil": 83358394,
        "link": "https://www.sec.gov/Archives/edgar/data/1364742/000119312507053304/0001193125-07-053304-index.htm",
        "finalLink": "https://www.sec.gov/Archives/edgar/data/1364742/000119312507053304/d10k.htm"
    },
    {
        "date": "2005-12-31",
        "symbol": "BLK",
        "reportedCurrency": "USD",
        "cik": "0001364742",
        "fillingDate": "2005-12-31",
        "acceptedDate": "2005-12-30 19:00:00",
        "calendarYear": "2005",
        "period": "FY",
        "revenue": 1191386000,
        "costOfRevenue": 0,
        "grossProfit": 0,
        "grossProfitRatio": 0,
        "researchAndDevelopmentExpenses": 0,
        "generalAndAdministrativeExpenses": 204850000,
        "sellingAndMarketingExpenses": 0,
        "sellingGeneralAndAdministrativeExpenses": 204850000,
        "otherExpenses": 645995000,
        "operatingExpenses": 850845000,
        "costAndExpenses": 850845000,
        "interestIncome": 0,
        "interestExpense": 0,
        "depreciationAndAmortization": 30902000,
        "ebitda": 403368000,
        "ebitdaratio": 0.3385703709796825,
        "operatingIncome": 340541000,
        "operatingIncomeRatio": 0.28583599270093824,
        "totalOtherIncomeExpensesNet": 35214000,
        "incomeBeforeTax": 375755000,
        "incomeBeforeTaxRatio": 0.31539316392839933,
        "incomeTaxExpense": 138558000,
        "netIncome": 233908000,
        "netIncomeRatio": 0.19633267471667454,
        "eps": 3.64,
        "epsdiluted": 3.5,
        "weightedAverageShsOut": 64182766,
        "weightedAverageShsOutDil": 66875149,
        "link": "",
        "finalLink": ""
    },
    {
        "date": "2004-12-31",
        "symbol": "BLK",
        "reportedCurrency": "USD",
        "cik": "0001364742",
        "fillingDate": "2004-12-31",
        "acceptedDate": "2004-12-30 19:00:00",
        "calendarYear": "2004",
        "period": "FY",
        "revenue": 725311000,
        "costOfRevenue": 0,
        "grossProfit": 0,
        "grossProfitRatio": 0,
        "researchAndDevelopmentExpenses": 0,
        "generalAndAdministrativeExpenses": 128738000,
        "sellingAndMarketingExpenses": 0,
        "sellingGeneralAndAdministrativeExpenses": 128738000,
        "otherExpenses": 424678000,
        "operatingExpenses": 553416000,
        "costAndExpenses": 553416000,
        "interestIncome": 0,
        "interestExpense": 0,
        "depreciationAndAmortization": 20686000,
        "ebitda": 216091000,
        "ebitdaratio": 0.29792875056355134,
        "operatingIncome": 165798000,
        "operatingIncomeRatio": 0.22858883982181435,
        "totalOtherIncomeExpensesNet": 34640000,
        "incomeBeforeTax": 200438000,
        "incomeBeforeTaxRatio": 0.2763476632782351,
        "incomeTaxExpense": 52264000,
        "netIncome": 143141000,
        "netIncomeRatio": 0.19735120520714564,
        "eps": 2.25,
        "epsdiluted": 2.17,
        "weightedAverageShsOut": 63688955,
        "weightedAverageShsOutDil": 65960473,
        "link": "",
        "finalLink": ""
    },
    {
        "date": "2003-12-31",
        "symbol": "BLK",
        "reportedCurrency": "USD",
        "cik": "0001364742",
        "fillingDate": "2003-12-31",
        "acceptedDate": "2003-12-30 19:00:00",
        "calendarYear": "2003",
        "period": "FY",
        "revenue": 598212000,
        "costOfRevenue": 0,
        "grossProfit": 0,
        "grossProfitRatio": 0,
        "researchAndDevelopmentExpenses": 0,
        "generalAndAdministrativeExpenses": 107333000,
        "sellingAndMarketingExpenses": 0,
        "sellingGeneralAndAdministrativeExpenses": 107333000,
        "otherExpenses": 262603000,
        "operatingExpenses": 369936000,
        "costAndExpenses": 369936000,
        "interestIncome": 0,
        "interestExpense": 0,
        "depreciationAndAmortization": 21366000,
        "ebitda": 272015000,
        "ebitdaratio": 0.45471337920335936,
        "operatingIncome": 228276000,
        "operatingIncomeRatio": 0.38159715953541556,
        "totalOtherIncomeExpensesNet": 22626000,
        "incomeBeforeTax": 250902000,
        "incomeBeforeTaxRatio": 0.41941987121622437,
        "incomeTaxExpense": 95247000,
        "netIncome": 155402000,
        "netIncomeRatio": 0.25977747019451297,
        "eps": 2.4,
        "epsdiluted": 2.36,
        "weightedAverageShsOut": 64653352,
        "weightedAverageShsOutDil": 65860368,
        "link": "",
        "finalLink": ""
    },
    {
        "date": "2002-12-31",
        "symbol": "BLK",
        "reportedCurrency": "USD",
        "cik": "0001364742",
        "fillingDate": "2002-12-31",
        "acceptedDate": "2002-12-30 19:00:00",
        "calendarYear": "2002",
        "period": "FY",
        "revenue": 576977000,
        "costOfRevenue": 0,
        "grossProfit": 0,
        "grossProfitRatio": 0,
        "researchAndDevelopmentExpenses": 0,
        "generalAndAdministrativeExpenses": 90076000,
        "sellingAndMarketingExpenses": 0,
        "sellingGeneralAndAdministrativeExpenses": 90076000,
        "otherExpenses": 271762000,
        "operatingExpenses": 361838000,
        "costAndExpenses": 361838000,
        "interestIncome": 0,
        "interestExpense": 0,
        "depreciationAndAmortization": 20238000,
        "ebitda": 244186000,
        "ebitdaratio": 0.42321617672801515,
        "operatingIncome": 215139000,
        "operatingIncomeRatio": 0.3728727488270763,
        "totalOtherIncomeExpensesNet": 8809000,
        "incomeBeforeTax": 223948000,
        "incomeBeforeTaxRatio": 0.3881402551574846,
        "incomeTaxExpense": 90699000,
        "netIncome": 133249000,
        "netIncomeRatio": 0.23094334782842296,
        "eps": 2.06,
        "epsdiluted": 2.04,
        "weightedAverageShsOut": 64756290,
        "weightedAverageShsOutDil": 65307548,
        "link": "",
        "finalLink": ""
    },
    {
        "date": "2001-12-31",
        "symbol": "BLK",
        "reportedCurrency": "USD",
        "cik": "0001364742",
        "fillingDate": "2001-12-31",
        "acceptedDate": "2001-12-30 19:00:00",
        "calendarYear": "2001",
        "period": "FY",
        "revenue": 533144000,
        "costOfRevenue": 0,
        "grossProfit": 0,
        "grossProfitRatio": 0,
        "researchAndDevelopmentExpenses": 0,
        "generalAndAdministrativeExpenses": 76567000,
        "sellingAndMarketingExpenses": 0,
        "sellingGeneralAndAdministrativeExpenses": 76567000,
        "otherExpenses": 286401000,
        "operatingExpenses": 362968000,
        "costAndExpenses": 362968000,
        "interestIncome": 0,
        "interestExpense": 0,
        "depreciationAndAmortization": 26021000,
        "ebitda": 207012000,
        "ebitdaratio": 0.38828534129616016,
        "operatingIncome": 170176000,
        "operatingIncomeRatio": 0.31919331362633735,
        "totalOtherIncomeExpensesNet": 10815000,
        "incomeBeforeTax": 180991000,
        "incomeBeforeTaxRatio": 0.3394786399171706,
        "incomeTaxExpense": 73557000,
        "netIncome": 107434000,
        "netIncomeRatio": 0.2015102861515838,
        "eps": 1.67,
        "epsdiluted": 1.65,
        "weightedAverageShsOut": 64271538,
        "weightedAverageShsOutDil": 64926199,
        "link": "",
        "finalLink": ""
    },
    {
        "date": "2000-12-31",
        "symbol": "BLK",
        "reportedCurrency": "USD",
        "cik": "0001364742",
        "fillingDate": "2000-12-31",
        "acceptedDate": "2000-12-30 19:00:00",
        "calendarYear": "2000",
        "period": "FY",
        "revenue": 476872000,
        "costOfRevenue": 0,
        "grossProfit": 0,
        "grossProfitRatio": 0,
        "researchAndDevelopmentExpenses": 0,
        "generalAndAdministrativeExpenses": 58311000,
        "sellingAndMarketingExpenses": 0,
        "sellingGeneralAndAdministrativeExpenses": 58311000,
        "otherExpenses": 275523000,
        "operatingExpenses": 333834000,
        "costAndExpenses": 333834000,
        "interestIncome": 0,
        "interestExpense": 0,
        "depreciationAndAmortization": 19995000,
        "ebitda": 169912000,
        "ebitdaratio": 0.35630525591773055,
        "operatingIncome": 143038000,
        "operatingIncomeRatio": 0.2999505108289017,
        "totalOtherIncomeExpensesNet": 6879000,
        "incomeBeforeTax": 149917000,
        "incomeBeforeTaxRatio": 0.31437576540455303,
        "incomeTaxExpense": 62556000,
        "netIncome": 87361000,
        "netIncomeRatio": 0.18319591001358856,
        "eps": 1.37,
        "epsdiluted": 1.35,
        "weightedAverageShsOut": 63886353,
        "weightedAverageShsOutDil": 64590707,
        "link": "",
        "finalLink": ""
    },
    {
        "date": "1999-12-31",
        "symbol": "BLK",
        "reportedCurrency": "USD",
        "cik": "0001364742",
        "fillingDate": "1999-12-31",
        "acceptedDate": "1999-12-30 19:00:00",
        "calendarYear": "1999",
        "period": "FY",
        "revenue": 380981000,
        "costOfRevenue": 0,
        "grossProfit": 0,
        "grossProfitRatio": 0,
        "researchAndDevelopmentExpenses": 0,
        "generalAndAdministrativeExpenses": 48570000,
        "sellingAndMarketingExpenses": 0,
        "sellingGeneralAndAdministrativeExpenses": 48570000,
        "otherExpenses": 221468000,
        "operatingExpenses": 270038000,
        "costAndExpenses": 270038000,
        "interestIncome": 0,
        "interestExpense": 0,
        "depreciationAndAmortization": 18153000,
        "ebitda": 121603000,
        "ebitdaratio": 0.3191838963097897,
        "operatingIncome": 110943000,
        "operatingIncomeRatio": 0.2912034983371874,
        "totalOtherIncomeExpensesNet": -7493000,
        "incomeBeforeTax": 103450000,
        "incomeBeforeTaxRatio": 0.27153585086920345,
        "incomeTaxExpense": 44033000,
        "netIncome": 59417000,
        "netIncomeRatio": 0.15595790866211176,
        "eps": 1.04,
        "epsdiluted": 1.04,
        "weightedAverageShsOut": 57057014,
        "weightedAverageShsOutDil": 57268912,
        "link": "",
        "finalLink": ""
    },
    {
        "date": "1998-12-31",
        "symbol": "BLK",
        "reportedCurrency": "USD",
        "cik": "0001364742",
        "fillingDate": "1998-12-31",
        "acceptedDate": "1998-12-30 19:00:00",
        "calendarYear": "1998",
        "period": "FY",
        "revenue": 341500000,
        "costOfRevenue": 0,
        "grossProfit": 0,
        "grossProfitRatio": 0,
        "researchAndDevelopmentExpenses": 0,
        "generalAndAdministrativeExpenses": 148400000,
        "sellingAndMarketingExpenses": 0,
        "sellingGeneralAndAdministrativeExpenses": 148400000,
        "otherExpenses": -255900000,
        "operatingExpenses": -107500000,
        "costAndExpenses": -107500000,
        "interestIncome": 0,
        "interestExpense": 0,
        "depreciationAndAmortization": 12900000,
        "ebitda": 80900000,
        "ebitdaratio": 0.23689604685212298,
        "operatingIncome": 449000000,
        "operatingIncomeRatio": 1.314787701317716,
        "totalOtherIncomeExpensesNet": -381000000,
        "incomeBeforeTax": 68000000,
        "incomeBeforeTaxRatio": 0.19912152269399708,
        "incomeTaxExpense": 32400000,
        "netIncome": 35600000,
        "netIncomeRatio": 0.10424597364568082,
        "eps": 0.67,
        "epsdiluted": 0.67,
        "weightedAverageShsOut": 53508950,
        "weightedAverageShsOutDil": 53684125,
        "link": "",
        "finalLink": ""
    }
]