[
    {
        "date": "2021-12-31",
        "symbol": "BYD",
        "reportedCurrency": "USD",
        "cik": "0000906553",
        "fillingDate": "2022-02-28",
        "acceptedDate": "2022-02-28 17:01:03",
        "calendarYear": "2021",
        "period": "FY",
        "revenue": 3369810000,
        "costOfRevenue": 1432480000,
        "grossProfit": 1937330000,
        "grossProfitRatio": 0.5749077841183924,
        "researchAndDevelopmentExpenses": 0,
        "generalAndAdministrativeExpenses": 470858000,
        "sellingAndMarketingExpenses": 0,
        "sellingGeneralAndAdministrativeExpenses": 470858000,
        "otherExpenses": 558168000,
        "operatingExpenses": 1029026000,
        "costAndExpenses": 2461506000,
        "interestIncome": 1819000,
        "interestExpense": 199442000,
        "depreciationAndAmortization": 267787000,
        "ebitda": 1071168000,
        "ebitdaratio": 0.317871927497396,
        "operatingIncome": 900104000,
        "operatingIncomeRatio": 0.2671082345888937,
        "totalOtherIncomeExpensesNet": -296165000,
        "incomeBeforeTax": 603939000,
        "incomeBeforeTaxRatio": 0.179220490176004,
        "incomeTaxExpense": 140093000,
        "netIncome": 463846000,
        "netIncomeRatio": 0.13764752315412443,
        "eps": 4.086208871074307,
        "epsdiluted": 4.086208871074307,
        "weightedAverageShsOut": 114095000,
        "weightedAverageShsOutDil": 114095000,
        "link": "https://www.sec.gov/Archives/edgar/data/906553/000143774922004655/0001437749-22-004655-index.htm",
        "finalLink": "https://www.sec.gov/Archives/edgar/data/906553/000143774922004655/bgc20211231_10k.htm"
    },
    {
        "date": "2020-12-31",
        "symbol": "BYD",
        "reportedCurrency": "USD",
        "cik": "0000906553",
        "fillingDate": "2021-03-01",
        "acceptedDate": "2021-03-01 08:43:24",
        "calendarYear": "2020",
        "period": "FY",
        "revenue": 2178490000,
        "costOfRevenue": 1037088000,
        "grossProfit": 1141402000,
        "grossProfitRatio": 0.5239418129071054,
        "researchAndDevelopmentExpenses": 0,
        "generalAndAdministrativeExpenses": 452265000,
        "sellingAndMarketingExpenses": 0,
        "sellingGeneralAndAdministrativeExpenses": 452265000,
        "otherExpenses": 500174000,
        "operatingExpenses": 952439000,
        "costAndExpenses": 1989527000,
        "interestIncome": 1900000,
        "interestExpense": 230484000,
        "depreciationAndAmortization": 281031000,
        "ebitda": 340501000,
        "ebitdaratio": 0.15630138306808844,
        "operatingIncome": 14263000,
        "operatingIncomeRatio": 0.006547195534521618,
        "totalOtherIncomeExpensesNet": -185277000,
        "incomeBeforeTax": -171014000,
        "incomeBeforeTaxRatio": -0.07850116365005118,
        "incomeTaxExpense": -36314000,
        "netIncome": -134700000,
        "netIncomeRatio": -0.06183181928767174,
        "eps": -1.19,
        "epsdiluted": -1.19,
        "weightedAverageShsOut": 113515000,
        "weightedAverageShsOutDil": 113515000,
        "link": "https://www.sec.gov/Archives/edgar/data/906553/000143774921004478/0001437749-21-004478-index.htm",
        "finalLink": "https://www.sec.gov/Archives/edgar/data/906553/000143774921004478/bgc20201231b_10k.htm"
    },
    {
        "date": "2019-12-31",
        "symbol": "BYD",
        "reportedCurrency": "USD",
        "cik": "0000906553",
        "fillingDate": "2020-02-27",
        "acceptedDate": "2020-02-27 16:35:29",
        "calendarYear": "2019",
        "period": "FY",
        "revenue": 3326119000,
        "costOfRevenue": 1736217000,
        "grossProfit": 1589902000,
        "grossProfitRatio": 0.4780051465386536,
        "researchAndDevelopmentExpenses": 0,
        "generalAndAdministrativeExpenses": 557306000,
        "sellingAndMarketingExpenses": 0,
        "sellingGeneralAndAdministrativeExpenses": 557306000,
        "otherExpenses": 560028000,
        "operatingExpenses": 1117334000,
        "costAndExpenses": 2853551000,
        "interestIncome": 1858000,
        "interestExpense": 237465000,
        "depreciationAndAmortization": 276569000,
        "ebitda": 716160000,
        "ebitdaratio": 0.21531400409907162,
        "operatingIncome": 472568000,
        "operatingIncomeRatio": 0.14207789919723257,
        "totalOtherIncomeExpensesNet": -270442000,
        "incomeBeforeTax": 202126000,
        "incomeBeforeTaxRatio": 0.06076932304586817,
        "incomeTaxExpense": 44490000,
        "netIncome": 157636000,
        "netIncomeRatio": 0.04739337347821891,
        "eps": 1.39,
        "epsdiluted": 1.38,
        "weightedAverageShsOut": 113474000,
        "weightedAverageShsOutDil": 113947000,
        "link": "https://www.sec.gov/Archives/edgar/data/906553/000143774920003765/0001437749-20-003765-index.html",
        "finalLink": "https://www.sec.gov/Archives/edgar/data/906553/000143774920003765/bgc20190819_10k.htm"
    },
    {
        "date": "2018-12-31",
        "symbol": "BYD",
        "reportedCurrency": "USD",
        "cik": "0000906553",
        "fillingDate": "2019-03-01",
        "acceptedDate": "2019-03-01 16:22:10",
        "calendarYear": "2018",
        "period": "FY",
        "revenue": 2626730000,
        "costOfRevenue": 1371379000,
        "grossProfit": 1255351000,
        "grossProfitRatio": 0.477913984307485,
        "researchAndDevelopmentExpenses": 0,
        "generalAndAdministrativeExpenses": 356295000,
        "sellingAndMarketingExpenses": 33700000,
        "sellingGeneralAndAdministrativeExpenses": 389995000,
        "otherExpenses": 509079000,
        "operatingExpenses": 899074000,
        "costAndExpenses": 2270453000,
        "interestIncome": 3721000,
        "interestExpense": 204188000,
        "depreciationAndAmortization": 229979000,
        "ebitda": 589546000,
        "ebitdaratio": 0.22444103505118532,
        "operatingIncome": 355284000,
        "operatingIncomeRatio": 0.13525714481503617,
        "totalOtherIncomeExpensesNet": -200252000,
        "incomeBeforeTax": 155032000,
        "incomeBeforeTaxRatio": 0.0590209119323265,
        "incomeTaxExpense": 40331000,
        "netIncome": 115048000,
        "netIncomeRatio": 0.04379894393409296,
        "eps": 1.01,
        "epsdiluted": 1,
        "weightedAverageShsOut": 114401000,
        "weightedAverageShsOutDil": 115071000,
        "link": "https://www.sec.gov/Archives/edgar/data/906553/000090655319000009/0000906553-19-000009-index.html",
        "finalLink": "https://www.sec.gov/Archives/edgar/data/906553/000090655319000009/byd10k2018.htm"
    },
    {
        "date": "2017-12-31",
        "symbol": "BYD",
        "reportedCurrency": "USD",
        "cik": "0000906553",
        "fillingDate": "2018-02-26",
        "acceptedDate": "2018-02-26 17:19:14",
        "calendarYear": "2017",
        "period": "FY",
        "revenue": 2383707000,
        "costOfRevenue": 1247115000,
        "grossProfit": 1136592000,
        "grossProfitRatio": 0.4768169913500275,
        "researchAndDevelopmentExpenses": 0,
        "generalAndAdministrativeExpenses": 0,
        "sellingAndMarketingExpenses": 0,
        "sellingGeneralAndAdministrativeExpenses": 0,
        "otherExpenses": 793523000,
        "operatingExpenses": 793523000,
        "costAndExpenses": 2040638000,
        "interestIncome": 1818000,
        "interestExpense": 173108000,
        "depreciationAndAmortization": 217522000,
        "ebitda": 582829000,
        "ebitdaratio": 0.24450530203586263,
        "operatingIncome": 343495000,
        "operatingIncomeRatio": 0.14410118357667281,
        "totalOtherIncomeExpensesNet": -172688000,
        "incomeBeforeTax": 170807000,
        "incomeBeforeTaxRatio": 0.0716560382630919,
        "incomeTaxExpense": 3006000,
        "netIncome": 189193000,
        "netIncomeRatio": 0.07936923455777073,
        "eps": 1.65,
        "epsdiluted": 1.64,
        "weightedAverageShsOut": 114957000,
        "weightedAverageShsOutDil": 115628000,
        "link": "https://www.sec.gov/Archives/edgar/data/906553/000090655318000011/0000906553-18-000011-index.html",
        "finalLink": "https://www.sec.gov/Archives/edgar/data/906553/000090655318000011/byd10k2017.htm"
    },
    {
        "date": "2016-12-31",
        "symbol": "BYD",
        "reportedCurrency": "USD",
        "cik": "0000906553",
        "fillingDate": "2017-02-23",
        "acceptedDate": "2017-02-23 17:15:01",
        "calendarYear": "2016",
        "period": "FY",
        "revenue": 2183976000,
        "costOfRevenue": 1171733000,
        "grossProfit": 1012243000,
        "grossProfitRatio": 0.4634863203624948,
        "researchAndDevelopmentExpenses": 0,
        "generalAndAdministrativeExpenses": 0,
        "sellingAndMarketingExpenses": 0,
        "sellingGeneralAndAdministrativeExpenses": 0,
        "otherExpenses": 713314000,
        "operatingExpenses": 713314000,
        "costAndExpenses": 1885047000,
        "interestIncome": 2961000,
        "interestExpense": 212692000,
        "depreciationAndAmortization": 196226000,
        "ebitda": 629435000,
        "ebitdaratio": 0.28820600592680506,
        "operatingIncome": 260627000,
        "operatingIncomeRatio": 0.11933601834452394,
        "totalOtherIncomeExpensesNet": -252640000,
        "incomeBeforeTax": 7987000,
        "incomeBeforeTaxRatio": 0.0036570914698696323,
        "incomeTaxExpense": -197486000,
        "netIncome": 418003000,
        "netIncomeRatio": 0.19139541826466958,
        "eps": 3.65,
        "epsdiluted": 3.63,
        "weightedAverageShsOut": 114507000,
        "weightedAverageShsOutDil": 115189000,
        "link": "https://www.sec.gov/Archives/edgar/data/906553/000090655317000013/0000906553-17-000013-index.html",
        "finalLink": "https://www.sec.gov/Archives/edgar/data/906553/000090655317000013/byd10k2016.htm"
    },
    {
        "date": "2015-12-31",
        "symbol": "BYD",
        "reportedCurrency": "USD",
        "cik": "0000906553",
        "fillingDate": "2016-02-25",
        "acceptedDate": "2016-02-25 17:23:15",
        "calendarYear": "2015",
        "period": "FY",
        "revenue": 2199432000,
        "costOfRevenue": 1190824000,
        "grossProfit": 1008608000,
        "grossProfitRatio": 0.4585765779528533,
        "researchAndDevelopmentExpenses": 0,
        "generalAndAdministrativeExpenses": 0,
        "sellingAndMarketingExpenses": 0,
        "sellingGeneralAndAdministrativeExpenses": 0,
        "otherExpenses": 645420000,
        "operatingExpenses": 645420000,
        "costAndExpenses": 1836244000,
        "interestIncome": 1858000,
        "interestExpense": 224590000,
        "depreciationAndAmortization": 207118000,
        "ebitda": 471768000,
        "ebitdaratio": 0.21449537880689196,
        "operatingIncome": 344623000,
        "operatingIncomeRatio": 0.15668727198658564,
        "totalOtherIncomeExpensesNet": -304563000,
        "incomeBeforeTax": 40060000,
        "incomeBeforeTaxRatio": 0.018213793379381584,
        "incomeTaxExpense": -7174000,
        "netIncome": 47234000,
        "netIncomeRatio": 0.021475544595150022,
        "eps": 0.42,
        "epsdiluted": 0.42,
        "weightedAverageShsOut": 112789000,
        "weightedAverageShsOutDil": 113676000,
        "link": "https://www.sec.gov/Archives/edgar/data/906553/000090655316000053/0000906553-16-000053-index.html",
        "finalLink": "https://www.sec.gov/Archives/edgar/data/906553/000090655316000053/byd10k2015.htm"
    },
    {
        "date": "2014-12-31",
        "symbol": "BYD",
        "reportedCurrency": "USD",
        "cik": "0000906553",
        "fillingDate": "2015-02-27",
        "acceptedDate": "2015-02-27 16:23:00",
        "calendarYear": "2014",
        "period": "FY",
        "revenue": 2701319000,
        "costOfRevenue": 1474448000,
        "grossProfit": 1226871000,
        "grossProfitRatio": 0.4541747938692172,
        "researchAndDevelopmentExpenses": 0,
        "generalAndAdministrativeExpenses": 0,
        "sellingAndMarketingExpenses": 0,
        "sellingGeneralAndAdministrativeExpenses": 0,
        "otherExpenses": 914575000,
        "operatingExpenses": 914575000,
        "costAndExpenses": 2389023000,
        "interestIncome": 1879000,
        "interestExpense": 283387000,
        "depreciationAndAmortization": 251044000,
        "ebitda": 482143000,
        "ebitdaratio": 0.17848428860123516,
        "operatingIncome": 251516000,
        "operatingIncomeRatio": 0.0931085888042101,
        "totalOtherIncomeExpensesNet": -292401000,
        "incomeBeforeTax": -40885000,
        "incomeBeforeTaxRatio": -0.015135198767713106,
        "incomeTaxExpense": 753000,
        "netIncome": -53041000,
        "netIncomeRatio": -0.019635222644937528,
        "eps": -0.48,
        "epsdiluted": -0.48,
        "weightedAverageShsOut": 109979000,
        "weightedAverageShsOutDil": 109979000,
        "link": "https://www.sec.gov/Archives/edgar/data/906553/000090655315000011/byd10k2014.htm",
        "finalLink": "https://www.sec.gov/Archives/edgar/data/906553/000090655315000011/byd10k2014.htm"
    },
    {
        "date": "2013-12-31",
        "symbol": "BYD",
        "reportedCurrency": "USD",
        "cik": "0000906553",
        "fillingDate": "2014-03-14",
        "acceptedDate": "2014-03-14 16:40:38",
        "calendarYear": "2013",
        "period": "FY",
        "revenue": 2894438000,
        "costOfRevenue": 1586862000,
        "grossProfit": 1307576000,
        "grossProfitRatio": 0.4517547102408136,
        "researchAndDevelopmentExpenses": 0,
        "generalAndAdministrativeExpenses": 0,
        "sellingAndMarketingExpenses": 0,
        "sellingGeneralAndAdministrativeExpenses": 0,
        "otherExpenses": 1018892000,
        "operatingExpenses": 1018892000,
        "costAndExpenses": 2605754000,
        "interestIncome": 2147000,
        "interestExpense": 344330000,
        "depreciationAndAmortization": 278413000,
        "ebitda": 545829000,
        "ebitdaratio": 0.18857857725748486,
        "operatingIncome": 278301000,
        "operatingIncomeRatio": 0.09615027165895418,
        "totalOtherIncomeExpensesNet": -394295000,
        "incomeBeforeTax": -115994000,
        "incomeBeforeTaxRatio": -0.04007479172122533,
        "incomeTaxExpense": 3350000,
        "netIncome": -80264000,
        "netIncomeRatio": -0.027730426424749814,
        "eps": -0.83,
        "epsdiluted": -0.83,
        "weightedAverageShsOut": 97243000,
        "weightedAverageShsOutDil": 97243000,
        "link": "https://www.sec.gov/Archives/edgar/data/906553/000090655314000011/byd10k2013.htm",
        "finalLink": "https://www.sec.gov/Archives/edgar/data/906553/000090655314000011/byd10k2013.htm"
    },
    {
        "date": "2012-12-31",
        "symbol": "BYD",
        "reportedCurrency": "USD",
        "cik": "0000906553",
        "fillingDate": "2013-03-18",
        "acceptedDate": "2013-03-18 08:12:00",
        "calendarYear": "2012",
        "period": "FY",
        "revenue": 2487426000,
        "costOfRevenue": 1397591000,
        "grossProfit": 1089835000,
        "grossProfitRatio": 0.4381376571604542,
        "researchAndDevelopmentExpenses": 0,
        "generalAndAdministrativeExpenses": 0,
        "sellingAndMarketingExpenses": 0,
        "sellingGeneralAndAdministrativeExpenses": 0,
        "otherExpenses": 884534000,
        "operatingExpenses": 884534000,
        "costAndExpenses": 2282125000,
        "interestIncome": 1169000,
        "interestExpense": 290004000,
        "depreciationAndAmortization": 214332000,
        "ebitda": -625301000,
        "ebitdaratio": -0.251384764813104,
        "operatingIncome": -854875000,
        "operatingIncomeRatio": -0.3436785657141157,
        "totalOtherIncomeExpensesNet": -288972000,
        "incomeBeforeTax": -1143847000,
        "incomeBeforeTaxRatio": -0.45985166995922694,
        "incomeTaxExpense": -220772000,
        "netIncome": -908865000,
        "netIncomeRatio": -0.3653837340286706,
        "eps": -10.37,
        "epsdiluted": -10.37,
        "weightedAverageShsOut": 87652000,
        "weightedAverageShsOutDil": 87652000,
        "link": "https://www.sec.gov/Archives/edgar/data/906553/000090655313000019/0000906553-13-000019-index.html",
        "finalLink": "https://www.sec.gov/Archives/edgar/data/906553/000090655313000019/byd10k2012r.htm"
    },
    {
        "date": "2011-12-31",
        "symbol": "BYD",
        "reportedCurrency": "USD",
        "cik": "0000906553",
        "fillingDate": "2012-03-07",
        "acceptedDate": "2012-03-07 17:10:50",
        "calendarYear": "2011",
        "period": "FY",
        "revenue": 2336238000,
        "costOfRevenue": 1289634000,
        "grossProfit": 1046604000,
        "grossProfitRatio": 0.44798689174647444,
        "researchAndDevelopmentExpenses": 0,
        "generalAndAdministrativeExpenses": 0,
        "sellingAndMarketingExpenses": 0,
        "sellingGeneralAndAdministrativeExpenses": 0,
        "otherExpenses": 813500000,
        "operatingExpenses": 813500000,
        "costAndExpenses": 2103134000,
        "interestIncome": 46000,
        "interestExpense": 250731000,
        "depreciationAndAmortization": 195343000,
        "ebitda": 443941000,
        "ebitdaratio": 0.19002387599208642,
        "operatingIncome": 233104000,
        "operatingIncomeRatio": 0.09977750554523983,
        "totalOtherIncomeExpensesNet": -239382000,
        "incomeBeforeTax": -6278000,
        "incomeBeforeTaxRatio": -0.002687226215822189,
        "incomeTaxExpense": 1721000,
        "netIncome": -3854000,
        "netIncomeRatio": -0.0016496606938162979,
        "eps": -0.04,
        "epsdiluted": -0.04,
        "weightedAverageShsOut": 87339000,
        "weightedAverageShsOutDil": 87339000,
        "link": "https://www.sec.gov/Archives/edgar/data/906553/000090655312000005/0000906553-12-000005-index.html",
        "finalLink": "https://www.sec.gov/Archives/edgar/data/906553/000090655312000005/byd10k2011.htm"
    },
    {
        "date": "2010-12-31",
        "symbol": "BYD",
        "reportedCurrency": "USD",
        "cik": "0000906553",
        "fillingDate": "2011-03-15",
        "acceptedDate": "2011-03-15 15:41:25",
        "calendarYear": "2010",
        "period": "FY",
        "revenue": 2140899000,
        "costOfRevenue": 1189439000,
        "grossProfit": 951460000,
        "grossProfitRatio": 0.4444207783739448,
        "researchAndDevelopmentExpenses": 0,
        "generalAndAdministrativeExpenses": 0,
        "sellingAndMarketingExpenses": 0,
        "sellingGeneralAndAdministrativeExpenses": 0,
        "otherExpenses": 770955000,
        "operatingExpenses": 770955000,
        "costAndExpenses": 1960394000,
        "interestIncome": 5000,
        "interestExpense": 168699000,
        "depreciationAndAmortization": 199275000,
        "ebitda": 386520000,
        "ebitdaratio": 0.1805409783460126,
        "operatingIncome": 180505000,
        "operatingIncomeRatio": 0.08431271162254735,
        "totalOtherIncomeExpensesNet": -153581000,
        "incomeBeforeTax": 26924000,
        "incomeBeforeTaxRatio": 0.012576025305257277,
        "incomeTaxExpense": 8236000,
        "netIncome": 10310000,
        "netIncomeRatio": 0.004815733951017773,
        "eps": 0.12,
        "epsdiluted": 0.12,
        "weightedAverageShsOut": 86601000,
        "weightedAverageShsOutDil": 86831000,
        "link": "https://www.sec.gov/Archives/edgar/data/906553/000144530511000424/byd10k2010.htm",
        "finalLink": "https://www.sec.gov/Archives/edgar/data/906553/000144530511000424/byd10k2010.htm"
    },
    {
        "date": "2009-12-31",
        "symbol": "BYD",
        "reportedCurrency": "USD",
        "cik": "0000906553",
        "fillingDate": "2010-03-05",
        "acceptedDate": "2010-03-05 15:45:21",
        "calendarYear": "2009",
        "period": "FY",
        "revenue": 1640986000,
        "costOfRevenue": 908064000,
        "grossProfit": 732922000,
        "grossProfitRatio": 0.4466351327799262,
        "researchAndDevelopmentExpenses": 0,
        "generalAndAdministrativeExpenses": 0,
        "sellingAndMarketingExpenses": 0,
        "sellingGeneralAndAdministrativeExpenses": 0,
        "otherExpenses": 607075000,
        "operatingExpenses": 607075000,
        "costAndExpenses": 1515139000,
        "interestIncome": 6000,
        "interestExpense": 146830000,
        "depreciationAndAmortization": 164427000,
        "ebitda": 316574000,
        "ebitdaratio": 0.19291694139986568,
        "operatingIncome": 125847000,
        "operatingIncomeRatio": 0.07668986816462785,
        "totalOtherIncomeExpensesNet": -120530000,
        "incomeBeforeTax": 5317000,
        "incomeBeforeTaxRatio": 0.0032401251442730162,
        "incomeTaxExpense": 1076000,
        "netIncome": 4241000,
        "netIncomeRatio": 0.0025844218049392255,
        "eps": 0.05,
        "epsdiluted": 0.05,
        "weightedAverageShsOut": 86429000,
        "weightedAverageShsOutDil": 86517000,
        "link": "https://www.sec.gov/Archives/edgar/data/906553/000119312510048887/0001193125-10-048887-index.html",
        "finalLink": "https://www.sec.gov/Archives/edgar/data/906553/000119312510048887/d10k.htm"
    },
    {
        "date": "2008-12-31",
        "symbol": "BYD",
        "reportedCurrency": "USD",
        "cik": "0000906553",
        "fillingDate": "2009-03-02",
        "acceptedDate": "2009-03-02 16:53:43",
        "calendarYear": "2008",
        "period": "FY",
        "revenue": 1780967000,
        "costOfRevenue": 968012000,
        "grossProfit": 812955000,
        "grossProfitRatio": 0.45646831187776077,
        "researchAndDevelopmentExpenses": 0,
        "generalAndAdministrativeExpenses": 0,
        "sellingAndMarketingExpenses": 0,
        "sellingGeneralAndAdministrativeExpenses": 0,
        "otherExpenses": 966384000,
        "operatingExpenses": 966384000,
        "costAndExpenses": 1934396000,
        "interestIncome": 0,
        "interestExpense": 0,
        "depreciationAndAmortization": 173734000,
        "ebitda": -75802000,
        "ebitdaratio": -0.04256227094606469,
        "operatingIncome": -153429000,
        "operatingIncomeRatio": -0.08614926610094403,
        "totalOtherIncomeExpensesNet": -96107000,
        "incomeBeforeTax": -249536000,
        "incomeBeforeTaxRatio": -0.14011264666891637,
        "incomeTaxExpense": -26531000,
        "netIncome": -223005000,
        "netIncomeRatio": -0.1252156833899786,
        "eps": -2.54,
        "epsdiluted": -2.54,
        "weightedAverageShsOut": 87854000,
        "weightedAverageShsOutDil": 87854000,
        "link": "https://www.sec.gov/Archives/edgar/data/906553/000119312509042674/0001193125-09-042674-index.html",
        "finalLink": "https://www.sec.gov/Archives/edgar/data/906553/000119312509042674/d10k.htm"
    },
    {
        "date": "2007-12-31",
        "symbol": "BYD",
        "reportedCurrency": "USD",
        "cik": "0000906553",
        "fillingDate": "2008-02-29",
        "acceptedDate": "2008-02-29 15:52:36",
        "calendarYear": "2007",
        "period": "FY",
        "revenue": 1997119000,
        "costOfRevenue": 1057797000,
        "grossProfit": 939322000,
        "grossProfitRatio": 0.4703385226418656,
        "researchAndDevelopmentExpenses": 0,
        "generalAndAdministrativeExpenses": 0,
        "sellingAndMarketingExpenses": 0,
        "sellingGeneralAndAdministrativeExpenses": 0,
        "otherExpenses": 585090000,
        "operatingExpenses": 585090000,
        "costAndExpenses": 1642887000,
        "interestIncome": 0,
        "interestExpense": 0,
        "depreciationAndAmortization": 171139000,
        "ebitda": 538201000,
        "ebitdaratio": 0.2694886984701462,
        "operatingIncome": 354232000,
        "operatingIncomeRatio": 0.1773715036510093,
        "totalOtherIncomeExpensesNet": -169297000,
        "incomeBeforeTax": 184935000,
        "incomeBeforeTaxRatio": 0.09260089158432723,
        "incomeTaxExpense": 64027000,
        "netIncome": 303035000,
        "netIncomeRatio": 0.1517360758172147,
        "eps": 3.46,
        "epsdiluted": 3.42,
        "weightedAverageShsOut": 87567000,
        "weightedAverageShsOutDil": 88608000,
        "link": "https://www.sec.gov/Archives/edgar/data/906553/000119312508043612/d10k.htm",
        "finalLink": "https://www.sec.gov/Archives/edgar/data/906553/000119312508043612/d10k.htm"
    },
    {
        "date": "2006-12-31",
        "symbol": "BYD",
        "reportedCurrency": "USD",
        "cik": "0000906553",
        "fillingDate": "2006-12-31",
        "acceptedDate": "2006-12-30 19:00:00",
        "calendarYear": "2006",
        "period": "FY",
        "revenue": 2192634000,
        "costOfRevenue": 1189741000,
        "grossProfit": 1002893000,
        "grossProfitRatio": 0.4573918857410767,
        "researchAndDevelopmentExpenses": 0,
        "generalAndAdministrativeExpenses": 0,
        "sellingAndMarketingExpenses": 0,
        "sellingGeneralAndAdministrativeExpenses": 0,
        "otherExpenses": 598243000,
        "operatingExpenses": 598243000,
        "costAndExpenses": 1787984000,
        "interestIncome": 0,
        "interestExpense": 0,
        "depreciationAndAmortization": 212673000,
        "ebitda": 414942000,
        "ebitdaratio": 0.18924362205457,
        "operatingIncome": 404650000,
        "operatingIncomeRatio": 0.18454972421297855,
        "totalOtherIncomeExpensesNet": -157811000,
        "incomeBeforeTax": 246839000,
        "incomeBeforeTaxRatio": 0.11257647195108714,
        "incomeTaxExpense": 85491000,
        "netIncome": 116778000,
        "netIncomeRatio": 0.05325923067871793,
        "eps": 1.32,
        "epsdiluted": 1.3,
        "weightedAverageShsOut": 88380000,
        "weightedAverageShsOutDil": 89593000,
        "link": "",
        "finalLink": ""
    },
    {
        "date": "2005-12-31",
        "symbol": "BYD",
        "reportedCurrency": "USD",
        "cik": "0000906553",
        "fillingDate": "2006-03-14",
        "acceptedDate": "2006-03-14 16:07:39",
        "calendarYear": "2005",
        "period": "FY",
        "revenue": 2223020000,
        "costOfRevenue": 1194018000,
        "grossProfit": 1029002000,
        "grossProfitRatio": 0.4628847243839462,
        "researchAndDevelopmentExpenses": 0,
        "generalAndAdministrativeExpenses": 0,
        "sellingAndMarketingExpenses": 0,
        "sellingGeneralAndAdministrativeExpenses": 0,
        "otherExpenses": 626516000,
        "operatingExpenses": 626516000,
        "costAndExpenses": 1820534000,
        "interestIncome": 0,
        "interestExpense": 0,
        "depreciationAndAmortization": 179723000,
        "ebitda": 408383000,
        "ebitdaratio": 0.18370639940261446,
        "operatingIncome": 402486000,
        "operatingIncomeRatio": 0.18105370172108212,
        "totalOtherIncomeExpensesNet": -157387000,
        "incomeBeforeTax": 245099000,
        "incomeBeforeTaxRatio": 0.11025496846632059,
        "incomeTaxExpense": 84050000,
        "netIncome": 144610000,
        "netIncomeRatio": 0.06505114663835683,
        "eps": 1.63,
        "epsdiluted": 1.6,
        "weightedAverageShsOut": 88717791,
        "weightedAverageShsOutDil": 90381250,
        "link": "https://www.sec.gov/Archives/edgar/data/906553/000119312506053694/d10k.htm",
        "finalLink": "https://www.sec.gov/Archives/edgar/data/906553/000119312506053694/d10k.htm"
    },
    {
        "date": "2004-12-31",
        "symbol": "BYD",
        "reportedCurrency": "USD",
        "cik": "0000906553",
        "fillingDate": "2005-03-15",
        "acceptedDate": "2005-03-15 06:27:42",
        "calendarYear": "2004",
        "period": "FY",
        "revenue": 1734058000,
        "costOfRevenue": 978335000,
        "grossProfit": 755723000,
        "grossProfitRatio": 0.43581183559027437,
        "researchAndDevelopmentExpenses": 0,
        "generalAndAdministrativeExpenses": 0,
        "sellingAndMarketingExpenses": 0,
        "sellingGeneralAndAdministrativeExpenses": 0,
        "otherExpenses": 453231000,
        "operatingExpenses": 453231000,
        "costAndExpenses": 1431566000,
        "interestIncome": 0,
        "interestExpense": 0,
        "depreciationAndAmortization": 136126000,
        "ebitda": 323225000,
        "ebitdaratio": 0.18639803282243156,
        "operatingIncome": 302492000,
        "operatingIncomeRatio": 0.17444168534155144,
        "totalOtherIncomeExpensesNet": -115393000,
        "incomeBeforeTax": 187099000,
        "incomeBeforeTaxRatio": 0.10789662168162772,
        "incomeTaxExpense": 75645000,
        "netIncome": 111454000,
        "netIncomeRatio": 0.06427351334269096,
        "eps": 1.46,
        "epsdiluted": 1.42,
        "weightedAverageShsOut": 76338356,
        "weightedAverageShsOutDil": 78488732,
        "link": "https://www.sec.gov/Archives/edgar/data/906553/000119312505050057/d10k.htm",
        "finalLink": "https://www.sec.gov/Archives/edgar/data/906553/000119312505050057/d10k.htm"
    },
    {
        "date": "2003-12-31",
        "symbol": "BYD",
        "reportedCurrency": "USD",
        "cik": "0000906553",
        "fillingDate": "2004-03-04",
        "acceptedDate": "2004-03-04 15:58:41",
        "calendarYear": "2003",
        "period": "FY",
        "revenue": 1253070000,
        "costOfRevenue": 757843000,
        "grossProfit": 495227000,
        "grossProfitRatio": 0.39521096187762855,
        "researchAndDevelopmentExpenses": 0,
        "generalAndAdministrativeExpenses": 0,
        "sellingAndMarketingExpenses": 0,
        "sellingGeneralAndAdministrativeExpenses": 0,
        "otherExpenses": 346427000,
        "operatingExpenses": 346427000,
        "costAndExpenses": 1104270000,
        "interestIncome": 0,
        "interestExpense": 0,
        "depreciationAndAmortization": 94224000,
        "ebitda": 160039000,
        "ebitdaratio": 0.12771752575674145,
        "operatingIncome": 148800000,
        "operatingIncomeRatio": 0.1187483540424717,
        "totalOtherIncomeExpensesNet": -82985000,
        "incomeBeforeTax": 65815000,
        "incomeBeforeTaxRatio": 0.05252300350339566,
        "incomeTaxExpense": 24882000,
        "netIncome": 40933000,
        "netIncomeRatio": 0.03266617188185816,
        "eps": 0.64,
        "epsdiluted": 0.62,
        "weightedAverageShsOut": 63957812,
        "weightedAverageShsOutDil": 66020968,
        "link": "https://www.sec.gov/Archives/edgar/data/906553/000119312504034617/d10k.htm",
        "finalLink": "https://www.sec.gov/Archives/edgar/data/906553/000119312504034617/d10k.htm"
    },
    {
        "date": "2002-12-31",
        "symbol": "BYD",
        "reportedCurrency": "USD",
        "cik": "0000906553",
        "fillingDate": "2003-03-27",
        "acceptedDate": "2003-03-27 14:53:45",
        "calendarYear": "2002",
        "period": "FY",
        "revenue": 1228901000,
        "costOfRevenue": 687129000,
        "grossProfit": 541772000,
        "grossProfitRatio": 0.44085894632684,
        "researchAndDevelopmentExpenses": 0,
        "generalAndAdministrativeExpenses": 0,
        "sellingAndMarketingExpenses": 0,
        "sellingGeneralAndAdministrativeExpenses": 0,
        "otherExpenses": 377297000,
        "operatingExpenses": 377297000,
        "costAndExpenses": 1064426000,
        "interestIncome": 0,
        "interestExpense": 0,
        "depreciationAndAmortization": 90077000,
        "ebitda": 158829000,
        "ebitdaratio": 0.12924474794959073,
        "operatingIncome": 164475000,
        "operatingIncomeRatio": 0.13383909688412654,
        "totalOtherIncomeExpensesNet": -87511000,
        "incomeBeforeTax": 76964000,
        "incomeBeforeTaxRatio": 0.06262831586921973,
        "incomeTaxExpense": 28740000,
        "netIncome": 40012000,
        "netIncomeRatio": 0.032559172789345926,
        "eps": 0.62,
        "epsdiluted": 0.61,
        "weightedAverageShsOut": 64535484,
        "weightedAverageShsOutDil": 65593443,
        "link": "https://www.sec.gov/Archives/edgar/data/906553/000101706203000539/d10k.htm",
        "finalLink": "https://www.sec.gov/Archives/edgar/data/906553/000101706203000539/d10k.htm"
    },
    {
        "date": "2001-12-31",
        "symbol": "BYD",
        "reportedCurrency": "USD",
        "cik": "0000906553",
        "fillingDate": "2002-03-22",
        "acceptedDate": "2002-03-22 00:00:00",
        "calendarYear": "2001",
        "period": "FY",
        "revenue": 1102335000,
        "costOfRevenue": 635381000,
        "grossProfit": 466954000,
        "grossProfitRatio": 0.42360443966670747,
        "researchAndDevelopmentExpenses": 0,
        "generalAndAdministrativeExpenses": 251260000,
        "sellingAndMarketingExpenses": 0,
        "sellingGeneralAndAdministrativeExpenses": 251260000,
        "otherExpenses": 99811000,
        "operatingExpenses": 351071000,
        "costAndExpenses": 986452000,
        "interestIncome": 0,
        "interestExpense": 0,
        "depreciationAndAmortization": 99811000,
        "ebitda": 141743000,
        "ebitdaratio": 0.1285843232774066,
        "operatingIncome": 115883000,
        "operatingIncomeRatio": 0.10512503004984873,
        "totalOtherIncomeExpensesNet": -73951000,
        "incomeBeforeTax": 41932000,
        "incomeBeforeTaxRatio": 0.03803925304013753,
        "incomeTaxExpense": 16982000,
        "netIncome": 24950000,
        "netIncomeRatio": 0.022633772854894384,
        "eps": 0.4,
        "epsdiluted": 0.4,
        "weightedAverageShsOut": 62375000,
        "weightedAverageShsOutDil": 62375000,
        "link": "https://www.sec.gov/Archives/edgar/data/906553/000095014802000672/0000950148-02-000672-index.htm",
        "finalLink": "https://www.sec.gov/Archives/edgar/data/906553/000095014802000672/a79716e10-k405.htm"
    },
    {
        "date": "2000-12-31",
        "symbol": "BYD",
        "reportedCurrency": "USD",
        "cik": "0000906553",
        "fillingDate": "2000-12-31",
        "acceptedDate": "2000-12-30 19:00:00",
        "calendarYear": "2000",
        "period": "FY",
        "revenue": 1082908000,
        "costOfRevenue": 640979000,
        "grossProfit": 441929000,
        "grossProfitRatio": 0.40809468579048264,
        "researchAndDevelopmentExpenses": 0,
        "generalAndAdministrativeExpenses": 242884000,
        "sellingAndMarketingExpenses": 0,
        "sellingGeneralAndAdministrativeExpenses": 242884000,
        "otherExpenses": 90480000,
        "operatingExpenses": 333364000,
        "costAndExpenses": 974343000,
        "interestIncome": 0,
        "interestExpense": 0,
        "depreciationAndAmortization": 90480000,
        "ebitda": 192537000,
        "ebitdaratio": 0.17779626708824758,
        "operatingIncome": 108565000,
        "operatingIncomeRatio": 0.10025320710531273,
        "totalOtherIncomeExpensesNet": -6508000,
        "incomeBeforeTax": 102057000,
        "incomeBeforeTaxRatio": 0.09424346297192375,
        "incomeTaxExpense": 39292000,
        "netIncome": 62765000,
        "netIncomeRatio": 0.05795967893856172,
        "eps": 1.01,
        "epsdiluted": 1.01,
        "weightedAverageShsOut": 62143564,
        "weightedAverageShsOutDil": 62293000,
        "link": "",
        "finalLink": ""
    },
    {
        "date": "1999-12-31",
        "symbol": "BYD",
        "reportedCurrency": "USD",
        "cik": "0000906553",
        "fillingDate": "1999-12-31",
        "acceptedDate": "1999-12-30 19:00:00",
        "calendarYear": "1999",
        "period": "FY",
        "revenue": 987000000,
        "costOfRevenue": 561100000,
        "grossProfit": 425900000,
        "grossProfitRatio": 0.4315096251266464,
        "researchAndDevelopmentExpenses": 0,
        "generalAndAdministrativeExpenses": 215100000,
        "sellingAndMarketingExpenses": 0,
        "sellingGeneralAndAdministrativeExpenses": 215100000,
        "otherExpenses": 74100000,
        "operatingExpenses": 289200000,
        "costAndExpenses": 850300000,
        "interestIncome": 0,
        "interestExpense": 0,
        "depreciationAndAmortization": 74100000,
        "ebitda": 140000000,
        "ebitdaratio": 0.14184397163120568,
        "operatingIncome": 136700000,
        "operatingIncomeRatio": 0.13850050658561297,
        "totalOtherIncomeExpensesNet": -69100000,
        "incomeBeforeTax": 67600000,
        "incomeBeforeTaxRatio": 0.06849037487335359,
        "incomeTaxExpense": 27600000,
        "netIncome": 38300000,
        "netIncomeRatio": 0.03880445795339412,
        "eps": 0.62,
        "epsdiluted": 0.62,
        "weightedAverageShsOut": 61774194,
        "weightedAverageShsOutDil": 61774194,
        "link": "",
        "finalLink": ""
    },
    {
        "date": "1998-12-31",
        "symbol": "BYD",
        "reportedCurrency": "USD",
        "cik": "0000906553",
        "fillingDate": "1998-12-31",
        "acceptedDate": "1998-12-30 19:00:00",
        "calendarYear": "1998",
        "period": "FY",
        "revenue": 975100000,
        "costOfRevenue": 563200000,
        "grossProfit": 411900000,
        "grossProfitRatio": 0.4224182135165624,
        "researchAndDevelopmentExpenses": 0,
        "generalAndAdministrativeExpenses": 208700000,
        "sellingAndMarketingExpenses": 0,
        "sellingGeneralAndAdministrativeExpenses": 208700000,
        "otherExpenses": 73400000,
        "operatingExpenses": 282100000,
        "costAndExpenses": 845300000,
        "interestIncome": 0,
        "interestExpense": 0,
        "depreciationAndAmortization": 73400000,
        "ebitda": 123300000,
        "ebitdaratio": 0.12644856937749974,
        "operatingIncome": 129800000,
        "operatingIncomeRatio": 0.13311455235360475,
        "totalOtherIncomeExpensesNet": -79900000,
        "incomeBeforeTax": 49900000,
        "incomeBeforeTaxRatio": 0.05117423853963696,
        "incomeTaxExpense": 21300000,
        "netIncome": 28600000,
        "netIncomeRatio": 0.029330325094862067,
        "eps": 0.46,
        "epsdiluted": 0.46,
        "weightedAverageShsOut": 62173913,
        "weightedAverageShsOutDil": 62258065,
        "link": "",
        "finalLink": ""
    },
    {
        "date": "1997-12-31",
        "symbol": "BYD",
        "reportedCurrency": "USD",
        "cik": "0000906553",
        "fillingDate": "1997-12-31",
        "acceptedDate": "1997-12-30 19:00:00",
        "calendarYear": "1997",
        "period": "FY",
        "revenue": 0,
        "costOfRevenue": 0,
        "grossProfit": 0,
        "grossProfitRatio": 0,
        "researchAndDevelopmentExpenses": 0,
        "generalAndAdministrativeExpenses": 0,
        "sellingAndMarketingExpenses": 0,
        "sellingGeneralAndAdministrativeExpenses": 0,
        "otherExpenses": 0,
        "operatingExpenses": 0,
        "costAndExpenses": 0,
        "interestIncome": null,
        "interestExpense": 0,
        "depreciationAndAmortization": 0,
        "ebitda": 0,
        "ebitdaratio": 0,
        "operatingIncome": 0,
        "operatingIncomeRatio": 0,
        "totalOtherIncomeExpensesNet": 0,
        "incomeBeforeTax": 0,
        "incomeBeforeTaxRatio": 0,
        "incomeTaxExpense": 0,
        "netIncome": 0,
        "netIncomeRatio": 0,
        "eps": 0,
        "epsdiluted": 0,
        "weightedAverageShsOut": 50620155,
        "weightedAverageShsOutDil": 50620155,
        "link": "",
        "finalLink": ""
    },
    {
        "date": "1997-06-30",
        "symbol": "BYD",
        "reportedCurrency": "USD",
        "cik": "0000906553",
        "fillingDate": "1997-06-30",
        "acceptedDate": "1997-06-29 20:00:00",
        "calendarYear": "1997",
        "period": "FY",
        "revenue": 819300000,
        "costOfRevenue": 480700000,
        "grossProfit": 338600000,
        "grossProfitRatio": 0.413279628951544,
        "researchAndDevelopmentExpenses": 0,
        "generalAndAdministrativeExpenses": 0,
        "sellingAndMarketingExpenses": 0,
        "sellingGeneralAndAdministrativeExpenses": 0,
        "otherExpenses": 251600000,
        "operatingExpenses": 251600000,
        "costAndExpenses": 732300000,
        "interestIncome": null,
        "interestExpense": 0,
        "depreciationAndAmortization": 67300000,
        "ebitda": -32000000,
        "ebitdaratio": -0.03905773221042353,
        "operatingIncome": 87000000,
        "operatingIncomeRatio": 0.10618820944708898,
        "totalOtherIncomeExpensesNet": -192400000,
        "incomeBeforeTax": -105400000,
        "incomeBeforeTaxRatio": -0.1286464054680825,
        "incomeTaxExpense": -34000000,
        "netIncome": -65300000,
        "netIncomeRatio": -0.07970218479189552,
        "eps": -1.29,
        "epsdiluted": -1.29,
        "weightedAverageShsOut": 50620155,
        "weightedAverageShsOutDil": 52121212,
        "link": "",
        "finalLink": ""
    },
    {
        "date": "1996-06-30",
        "symbol": "BYD",
        "reportedCurrency": "USD",
        "cik": "0000906553",
        "fillingDate": "1996-06-30",
        "acceptedDate": "1996-06-29 20:00:00",
        "calendarYear": "1996",
        "period": "FY",
        "revenue": 775900000,
        "costOfRevenue": 435400000,
        "grossProfit": 340500000,
        "grossProfitRatio": 0.4388452120118572,
        "researchAndDevelopmentExpenses": 0,
        "generalAndAdministrativeExpenses": 179000000,
        "sellingAndMarketingExpenses": 0,
        "sellingGeneralAndAdministrativeExpenses": 179000000,
        "otherExpenses": 60600000,
        "operatingExpenses": 239600000,
        "costAndExpenses": 675000000,
        "interestIncome": 0,
        "interestExpense": 0,
        "depreciationAndAmortization": 60600000,
        "ebitda": 108800000,
        "ebitdaratio": 0.14022425570305452,
        "operatingIncome": 100900000,
        "operatingIncomeRatio": 0.1300425312540276,
        "totalOtherIncomeExpensesNet": -51300000,
        "incomeBeforeTax": 49600000,
        "incomeBeforeTaxRatio": 0.06392576362933368,
        "incomeTaxExpense": 20000000,
        "netIncome": 28200000,
        "netIncomeRatio": 0.03634488980538729,
        "eps": 0.49,
        "epsdiluted": 0.49,
        "weightedAverageShsOut": 57551020,
        "weightedAverageShsOutDil": 57551020,
        "link": "",
        "finalLink": ""
    },
    {
        "date": "1995-06-30",
        "symbol": "BYD",
        "reportedCurrency": "USD",
        "cik": "0000906553",
        "fillingDate": "1995-06-30",
        "acceptedDate": "1995-06-29 20:00:00",
        "calendarYear": "1995",
        "period": "FY",
        "revenue": 660300000,
        "costOfRevenue": 362700000,
        "grossProfit": 297600000,
        "grossProfitRatio": 0.4507042253521127,
        "researchAndDevelopmentExpenses": 0,
        "generalAndAdministrativeExpenses": 132600000,
        "sellingAndMarketingExpenses": 0,
        "sellingGeneralAndAdministrativeExpenses": 132600000,
        "otherExpenses": 54500000,
        "operatingExpenses": 187100000,
        "costAndExpenses": 549800000,
        "interestIncome": 0,
        "interestExpense": 0,
        "depreciationAndAmortization": 54500000,
        "ebitda": 118700000,
        "ebitdaratio": 0.17976677267908525,
        "operatingIncome": 110500000,
        "operatingIncomeRatio": 0.167348175071937,
        "totalOtherIncomeExpensesNet": -46300000,
        "incomeBeforeTax": 64200000,
        "incomeBeforeTaxRatio": 0.09722853248523398,
        "incomeTaxExpense": 28000000,
        "netIncome": 36200000,
        "netIncomeRatio": 0.054823565046191125,
        "eps": 0.64,
        "epsdiluted": 0.64,
        "weightedAverageShsOut": 56562500,
        "weightedAverageShsOutDil": 56562500,
        "link": "",
        "finalLink": ""
    },
    {
        "date": "1994-06-30",
        "symbol": "BYD",
        "reportedCurrency": "USD",
        "cik": "0000906553",
        "fillingDate": "1994-06-30",
        "acceptedDate": "1994-06-29 20:00:00",
        "calendarYear": "1994",
        "period": "FY",
        "revenue": 468200000,
        "costOfRevenue": 279200000,
        "grossProfit": 189000000,
        "grossProfitRatio": 0.4036736437419906,
        "researchAndDevelopmentExpenses": 0,
        "generalAndAdministrativeExpenses": 92600000,
        "sellingAndMarketingExpenses": 0,
        "sellingGeneralAndAdministrativeExpenses": 92600000,
        "otherExpenses": 42100000,
        "operatingExpenses": 134700000,
        "costAndExpenses": 413900000,
        "interestIncome": 0,
        "interestExpense": 0,
        "depreciationAndAmortization": 42100000,
        "ebitda": 62300000,
        "ebitdaratio": 0.13306279367791543,
        "operatingIncome": 54300000,
        "operatingIncomeRatio": 0.11597607859888936,
        "totalOtherIncomeExpensesNet": -36100000,
        "incomeBeforeTax": 18200000,
        "incomeBeforeTaxRatio": 0.03887227680478428,
        "incomeTaxExpense": 7500000,
        "netIncome": 12700000,
        "netIncomeRatio": 0.027125160187953867,
        "eps": 0.23,
        "epsdiluted": 0.23,
        "weightedAverageShsOut": 53043478,
        "weightedAverageShsOutDil": 53043478,
        "link": "",
        "finalLink": ""
    }
]