[
    {
        "date": "2021-12-31",
        "symbol": "CMG",
        "reportedCurrency": "USD",
        "cik": "0001058090",
        "fillingDate": "2022-02-11",
        "acceptedDate": "2022-02-11 15:36:45",
        "calendarYear": "2021",
        "period": "FY",
        "revenue": 7547061000,
        "costOfRevenue": 5840052000,
        "grossProfit": 1707009000,
        "grossProfitRatio": 0.22618195347831427,
        "researchAndDevelopmentExpenses": 0,
        "generalAndAdministrativeExpenses": 606854000,
        "sellingAndMarketingExpenses": 0,
        "sellingGeneralAndAdministrativeExpenses": 606854000,
        "otherExpenses": 275921000,
        "operatingExpenses": 882775000,
        "costAndExpenses": 6722827000,
        "interestIncome": 7820000,
        "interestExpense": 0,
        "depreciationAndAmortization": 254657000,
        "ebitda": 1067420000,
        "ebitdaratio": 0.14143518914183945,
        "operatingIncome": 804943000,
        "operatingIncomeRatio": 0.10665648521987565,
        "totalOtherIncomeExpensesNet": 7820000,
        "incomeBeforeTax": 812763000,
        "incomeBeforeTaxRatio": 0.10769265015878367,
        "incomeTaxExpense": 159779000,
        "netIncome": 652984000,
        "netIncomeRatio": 0.08652162742556341,
        "eps": 23.21,
        "epsdiluted": 22.9,
        "weightedAverageShsOut": 27917000,
        "weightedAverageShsOutDil": 28416000,
        "link": "https://www.sec.gov/Archives/edgar/data/1058090/000105809022000011/0001058090-22-000011-index.htm",
        "finalLink": "https://www.sec.gov/Archives/edgar/data/1058090/000105809022000011/cmg-20211231x10k.htm"
    },
    {
        "date": "2020-12-31",
        "symbol": "CMG",
        "reportedCurrency": "USD",
        "cik": "0001058090",
        "fillingDate": "2021-02-10",
        "acceptedDate": "2021-02-09 21:59:51",
        "calendarYear": "2020",
        "period": "FY",
        "revenue": 5984634000,
        "costOfRevenue": 4943553000,
        "grossProfit": 1041081000,
        "grossProfitRatio": 0.17395900902210562,
        "researchAndDevelopmentExpenses": 0,
        "generalAndAdministrativeExpenses": 466291000,
        "sellingAndMarketingExpenses": 0,
        "sellingGeneralAndAdministrativeExpenses": 466291000,
        "otherExpenses": 254049000,
        "operatingExpenses": 720340000,
        "costAndExpenses": 5663893000,
        "interestIncome": 3617000,
        "interestExpense": 0,
        "depreciationAndAmortization": 423072000,
        "ebitda": 716853000,
        "ebitdaratio": 0.11978226237393966,
        "operatingIncome": 290164000,
        "operatingIncomeRatio": 0.048484836332514235,
        "totalOtherIncomeExpensesNet": 3617000,
        "incomeBeforeTax": 293781000,
        "incomeBeforeTaxRatio": 0.0490892174859816,
        "incomeTaxExpense": -61985000,
        "netIncome": 355766000,
        "netIncomeRatio": 0.05944657601450649,
        "eps": 12.74,
        "epsdiluted": 12.52,
        "weightedAverageShsOut": 27917000,
        "weightedAverageShsOutDil": 28416000,
        "link": "https://www.sec.gov/Archives/edgar/data/1058090/000105809021000010/0001058090-21-000010-index.htm",
        "finalLink": "https://www.sec.gov/Archives/edgar/data/1058090/000105809021000010/cmg-20201231x10k.htm"
    },
    {
        "date": "2019-12-31",
        "symbol": "CMG",
        "reportedCurrency": "USD",
        "cik": "0001058090",
        "fillingDate": "2020-02-05",
        "acceptedDate": "2020-02-04 21:00:06",
        "calendarYear": "2019",
        "period": "FY",
        "revenue": 5586369000,
        "costOfRevenue": 4443879000,
        "grossProfit": 1142490000,
        "grossProfitRatio": 0.2045138801249971,
        "researchAndDevelopmentExpenses": 0,
        "generalAndAdministrativeExpenses": 451552000,
        "sellingAndMarketingExpenses": 0,
        "sellingGeneralAndAdministrativeExpenses": 451552000,
        "otherExpenses": 223886000,
        "operatingExpenses": 675438000,
        "costAndExpenses": 5119317000,
        "interestIncome": 0,
        "interestExpense": 0,
        "depreciationAndAmortization": 376730000,
        "ebitda": 835015000,
        "ebitdaratio": 0.14947365632309645,
        "operatingIncome": 443958000,
        "operatingIncomeRatio": 0.07947165681321804,
        "totalOtherIncomeExpensesNet": 14327000,
        "incomeBeforeTax": 458285000,
        "incomeBeforeTaxRatio": 0.0820362922678398,
        "incomeTaxExpense": 108127000,
        "netIncome": 350158000,
        "netIncomeRatio": 0.0626807860347213,
        "eps": 12.62,
        "epsdiluted": 12.38,
        "weightedAverageShsOut": 27740000,
        "weightedAverageShsOutDil": 28295000,
        "link": "https://www.sec.gov/Archives/edgar/data/1058090/000105809020000010/0001058090-20-000010-index.html",
        "finalLink": "https://www.sec.gov/Archives/edgar/data/1058090/000105809020000010/cmg-20191231x10k.htm"
    },
    {
        "date": "2018-12-31",
        "symbol": "CMG",
        "reportedCurrency": "USD",
        "cik": "0001058090",
        "fillingDate": "2019-02-08",
        "acceptedDate": "2019-02-07 21:44:15",
        "calendarYear": "2018",
        "period": "FY",
        "revenue": 4864985000,
        "costOfRevenue": 3953993000,
        "grossProfit": 910992000,
        "grossProfitRatio": 0.1872548425123613,
        "researchAndDevelopmentExpenses": 0,
        "generalAndAdministrativeExpenses": 375460000,
        "sellingAndMarketingExpenses": 0,
        "sellingGeneralAndAdministrativeExpenses": 375460000,
        "otherExpenses": 210525000,
        "operatingExpenses": 585985000,
        "costAndExpenses": 4539978000,
        "interestIncome": 0,
        "interestExpense": 0,
        "depreciationAndAmortization": 201979000,
        "ebitda": 470415000,
        "ebitdaratio": 0.09669402886134285,
        "operatingIncome": 258368000,
        "operatingIncomeRatio": 0.05310766631346243,
        "totalOtherIncomeExpensesNet": 10068000,
        "incomeBeforeTax": 268436000,
        "incomeBeforeTaxRatio": 0.05517714854208183,
        "incomeTaxExpense": 91883000,
        "netIncome": 176553000,
        "netIncomeRatio": 0.036290553824934714,
        "eps": 6.35,
        "epsdiluted": 6.31,
        "weightedAverageShsOut": 27823000,
        "weightedAverageShsOutDil": 27962000,
        "link": "https://www.sec.gov/Archives/edgar/data/1058090/000105809019000007/0001058090-19-000007-index.html",
        "finalLink": "https://www.sec.gov/Archives/edgar/data/1058090/000105809019000007/cmg-20181231x10k.htm"
    },
    {
        "date": "2017-12-31",
        "symbol": "CMG",
        "reportedCurrency": "USD",
        "cik": "0001058090",
        "fillingDate": "2018-02-08",
        "acceptedDate": "2018-02-08 17:17:44",
        "calendarYear": "2017",
        "period": "FY",
        "revenue": 4476412000,
        "costOfRevenue": 3720196000,
        "grossProfit": 756216000,
        "grossProfitRatio": 0.16893351192875009,
        "researchAndDevelopmentExpenses": 0,
        "generalAndAdministrativeExpenses": 296388000,
        "sellingAndMarketingExpenses": 0,
        "sellingGeneralAndAdministrativeExpenses": 296388000,
        "otherExpenses": 175689000,
        "operatingExpenses": 472077000,
        "costAndExpenses": 4192273000,
        "interestIncome": 0,
        "interestExpense": 0,
        "depreciationAndAmortization": 163348000,
        "ebitda": 439091000,
        "ebitdaratio": 0.09808994346364901,
        "operatingIncome": 270794000,
        "operatingIncomeRatio": 0.06049353812830455,
        "totalOtherIncomeExpensesNet": 4949000,
        "incomeBeforeTax": 275743000,
        "incomeBeforeTaxRatio": 0.061599111073779626,
        "incomeTaxExpense": 99490000,
        "netIncome": 176253000,
        "netIncomeRatio": 0.03937372163241453,
        "eps": 6.19,
        "epsdiluted": 6.17,
        "weightedAverageShsOut": 28491000,
        "weightedAverageShsOutDil": 28561000,
        "link": "https://www.sec.gov/Archives/edgar/data/1058090/000105809018000018/0001058090-18-000018-index.html",
        "finalLink": "https://www.sec.gov/Archives/edgar/data/1058090/000105809018000018/cmg-20171231x10k.htm"
    },
    {
        "date": "2016-12-31",
        "symbol": "CMG",
        "reportedCurrency": "USD",
        "cik": "0001058090",
        "fillingDate": "2017-02-07",
        "acceptedDate": "2017-02-06 19:05:02",
        "calendarYear": "2016",
        "period": "FY",
        "revenue": 3904384000,
        "costOfRevenue": 3406170000,
        "grossProfit": 498214000,
        "grossProfitRatio": 0.12760373979608564,
        "researchAndDevelopmentExpenses": 0,
        "generalAndAdministrativeExpenses": 276240000,
        "sellingAndMarketingExpenses": 0,
        "sellingGeneralAndAdministrativeExpenses": 276240000,
        "otherExpenses": 163530000,
        "operatingExpenses": 439770000,
        "costAndExpenses": 3845940000,
        "interestIncome": 0,
        "interestExpense": 0,
        "depreciationAndAmortization": 146368000,
        "ebitda": 185107000,
        "ebitdaratio": 0.0474100395862702,
        "operatingIncome": 34567000,
        "operatingIncomeRatio": 0.008853381224797561,
        "totalOtherIncomeExpensesNet": 4172000,
        "incomeBeforeTax": 38739000,
        "incomeBeforeTaxRatio": 0.009921923663246238,
        "incomeTaxExpense": 15801000,
        "netIncome": 22938000,
        "netIncomeRatio": 0.005874934432678753,
        "eps": 0.78,
        "epsdiluted": 0.77,
        "weightedAverageShsOut": 29265000,
        "weightedAverageShsOutDil": 29770000,
        "link": "https://www.sec.gov/Archives/edgar/data/1058090/000105809017000009/0001058090-17-000009-index.html",
        "finalLink": "https://www.sec.gov/Archives/edgar/data/1058090/000105809017000009/cmg-20161231x10k.htm"
    },
    {
        "date": "2015-12-31",
        "symbol": "CMG",
        "reportedCurrency": "USD",
        "cik": "0001058090",
        "fillingDate": "2016-02-05",
        "acceptedDate": "2016-02-04 20:00:11",
        "calendarYear": "2015",
        "period": "FY",
        "revenue": 4501223000,
        "costOfRevenue": 3326936000,
        "grossProfit": 1174287000,
        "grossProfitRatio": 0.26088176480036646,
        "researchAndDevelopmentExpenses": 0,
        "generalAndAdministrativeExpenses": 250214000,
        "sellingAndMarketingExpenses": 0,
        "sellingGeneralAndAdministrativeExpenses": 250214000,
        "otherExpenses": 147290000,
        "operatingExpenses": 397504000,
        "costAndExpenses": 3724440000,
        "interestIncome": 0,
        "interestExpense": 0,
        "depreciationAndAmortization": 130368000,
        "ebitda": 900235000,
        "ebitdaratio": 0.19999786724630172,
        "operatingIncome": 763589000,
        "operatingIncomeRatio": 0.16964033996982597,
        "totalOtherIncomeExpensesNet": 6278000,
        "incomeBeforeTax": 769867000,
        "incomeBeforeTaxRatio": 0.17103507202375887,
        "incomeTaxExpense": 294265000,
        "netIncome": 475602000,
        "netIncomeRatio": 0.10566061712561231,
        "eps": 15.3,
        "epsdiluted": 15.1,
        "weightedAverageShsOut": 31092000,
        "weightedAverageShsOutDil": 31494000,
        "link": "https://www.sec.gov/Archives/edgar/data/1058090/000105809016000058/0001058090-16-000058-index.html",
        "finalLink": "https://www.sec.gov/Archives/edgar/data/1058090/000105809016000058/cmg-20151231x10k.htm"
    },
    {
        "date": "2014-12-31",
        "symbol": "CMG",
        "reportedCurrency": "USD",
        "cik": "0001058090",
        "fillingDate": "2015-02-04",
        "acceptedDate": "2015-02-04 16:40:22",
        "calendarYear": "2014",
        "period": "FY",
        "revenue": 4108269000,
        "costOfRevenue": 2990513000,
        "grossProfit": 1117756000,
        "grossProfitRatio": 0.2720746864433658,
        "researchAndDevelopmentExpenses": 0,
        "generalAndAdministrativeExpenses": 273897000,
        "sellingAndMarketingExpenses": 0,
        "sellingGeneralAndAdministrativeExpenses": 273897000,
        "otherExpenses": 126083000,
        "operatingExpenses": 399980000,
        "costAndExpenses": 3390493000,
        "interestIncome": 0,
        "interestExpense": 0,
        "depreciationAndAmortization": 110474000,
        "ebitda": 824777000,
        "ebitdaratio": 0.20076022285785083,
        "operatingIncome": 710800000,
        "operatingIncomeRatio": 0.17301690809438233,
        "totalOtherIncomeExpensesNet": 3503000,
        "incomeBeforeTax": 714303000,
        "incomeBeforeTaxRatio": 0.17386957864735733,
        "incomeTaxExpense": 268929000,
        "netIncome": 445374000,
        "netIncomeRatio": 0.10840916210696037,
        "eps": 14.35,
        "epsdiluted": 14.13,
        "weightedAverageShsOut": 31038000,
        "weightedAverageShsOutDil": 31512000,
        "link": "https://www.sec.gov/Archives/edgar/data/1058090/000119312515033771/d861905d10k.htm",
        "finalLink": "https://www.sec.gov/Archives/edgar/data/1058090/000119312515033771/d861905d10k.htm"
    },
    {
        "date": "2013-12-31",
        "symbol": "CMG",
        "reportedCurrency": "USD",
        "cik": "0001058090",
        "fillingDate": "2014-02-05",
        "acceptedDate": "2014-02-04 20:22:21",
        "calendarYear": "2013",
        "period": "FY",
        "revenue": 3214591000,
        "costOfRevenue": 2359822000,
        "grossProfit": 854769000,
        "grossProfitRatio": 0.26590287846883165,
        "researchAndDevelopmentExpenses": 0,
        "generalAndAdministrativeExpenses": 203733000,
        "sellingAndMarketingExpenses": 0,
        "sellingGeneralAndAdministrativeExpenses": 203733000,
        "otherExpenses": 111565000,
        "operatingExpenses": 315298000,
        "costAndExpenses": 2675120000,
        "interestIncome": 0,
        "interestExpense": 0,
        "depreciationAndAmortization": 96054000,
        "ebitda": 630525000,
        "ebitdaratio": 0.19614470394522973,
        "operatingIncome": 532720000,
        "operatingIncomeRatio": 0.16571937145347573,
        "totalOtherIncomeExpensesNet": 1751000,
        "incomeBeforeTax": 534471000,
        "incomeBeforeTaxRatio": 0.16626407527427284,
        "incomeTaxExpense": 207033000,
        "netIncome": 327438000,
        "netIncomeRatio": 0.10185992557062469,
        "eps": 10.58,
        "epsdiluted": 10.47,
        "weightedAverageShsOut": 30957000,
        "weightedAverageShsOutDil": 31281000,
        "link": "https://www.sec.gov/Archives/edgar/data/1058090/000119312514035451/d629534d10k.htm",
        "finalLink": "https://www.sec.gov/Archives/edgar/data/1058090/000119312514035451/d629534d10k.htm"
    },
    {
        "date": "2012-12-31",
        "symbol": "CMG",
        "reportedCurrency": "USD",
        "cik": "0001058090",
        "fillingDate": "2013-02-08",
        "acceptedDate": "2013-02-08 17:19:53",
        "calendarYear": "2012",
        "period": "FY",
        "revenue": 2731224000,
        "costOfRevenue": 1990884000,
        "grossProfit": 740340000,
        "grossProfitRatio": 0.27106528062143564,
        "researchAndDevelopmentExpenses": 0,
        "generalAndAdministrativeExpenses": 183409000,
        "sellingAndMarketingExpenses": 0,
        "sellingGeneralAndAdministrativeExpenses": 183409000,
        "otherExpenses": 96039000,
        "operatingExpenses": 279448000,
        "costAndExpenses": 2270332000,
        "interestIncome": 0,
        "interestExpense": 0,
        "depreciationAndAmortization": 84130000,
        "ebitda": 541815000,
        "ebitdaratio": 0.19837808982346378,
        "operatingIncome": 455865000,
        "operatingIncomeRatio": 0.16690868270050352,
        "totalOtherIncomeExpensesNet": 1820000,
        "incomeBeforeTax": 457685000,
        "incomeBeforeTaxRatio": 0.167575050600024,
        "incomeTaxExpense": 179685000,
        "netIncome": 278000000,
        "netIncomeRatio": 0.10178586597071496,
        "eps": 8.82,
        "epsdiluted": 8.75,
        "weightedAverageShsOut": 31513000,
        "weightedAverageShsOutDil": 31783000,
        "link": "https://www.sec.gov/Archives/edgar/data/1058090/000119312513046377/0001193125-13-046377-index.html",
        "finalLink": "https://www.sec.gov/Archives/edgar/data/1058090/000119312513046377/d445653d10k.htm"
    },
    {
        "date": "2011-12-31",
        "symbol": "CMG",
        "reportedCurrency": "USD",
        "cik": "0001058090",
        "fillingDate": "2012-02-10",
        "acceptedDate": "2012-02-10 17:21:46",
        "calendarYear": "2011",
        "period": "FY",
        "revenue": 2269548000,
        "costOfRevenue": 1680321000,
        "grossProfit": 589227000,
        "grossProfitRatio": 0.2596230615082827,
        "researchAndDevelopmentExpenses": 0,
        "generalAndAdministrativeExpenses": 157921000,
        "sellingAndMarketingExpenses": 0,
        "sellingGeneralAndAdministrativeExpenses": 157921000,
        "otherExpenses": 74938000,
        "operatingExpenses": 232859000,
        "costAndExpenses": 1913180000,
        "interestIncome": 2088000,
        "interestExpense": 2945000,
        "depreciationAndAmortization": 74938000,
        "ebitda": 427588000,
        "ebitdaratio": 0.18840227217049385,
        "operatingIncome": 350562000,
        "operatingIncomeRatio": 0.15446335569902025,
        "totalOtherIncomeExpensesNet": -857000,
        "incomeBeforeTax": 349705000,
        "incomeBeforeTaxRatio": 0.15408574747042142,
        "incomeTaxExpense": 134760000,
        "netIncome": 214945000,
        "netIncomeRatio": 0.09470828552645726,
        "eps": 6.89,
        "epsdiluted": 6.76,
        "weightedAverageShsOut": 31217000,
        "weightedAverageShsOutDil": 31775000,
        "link": "https://www.sec.gov/Archives/edgar/data/1058090/000119312512052969/0001193125-12-052969-index.html",
        "finalLink": "https://www.sec.gov/Archives/edgar/data/1058090/000119312512052969/d280751d10k.htm"
    },
    {
        "date": "2010-12-31",
        "symbol": "CMG",
        "reportedCurrency": "USD",
        "cik": "0001058090",
        "fillingDate": "2011-02-17",
        "acceptedDate": "2011-02-17 15:19:20",
        "calendarYear": "2010",
        "period": "FY",
        "revenue": 1835922000,
        "costOfRevenue": 1346517000,
        "grossProfit": 489405000,
        "grossProfitRatio": 0.2665717824613464,
        "researchAndDevelopmentExpenses": 0,
        "generalAndAdministrativeExpenses": 126357000,
        "sellingAndMarketingExpenses": 0,
        "sellingGeneralAndAdministrativeExpenses": 126357000,
        "otherExpenses": 75217000,
        "operatingExpenses": 201574000,
        "costAndExpenses": 1548091000,
        "interestIncome": 1499000,
        "interestExpense": 269000,
        "depreciationAndAmortization": 68921000,
        "ebitda": 358251000,
        "ebitdaratio": 0.19513410700454595,
        "operatingIncome": 287831000,
        "operatingIncomeRatio": 0.15677735764373432,
        "totalOtherIncomeExpensesNet": 1230000,
        "incomeBeforeTax": 289061000,
        "incomeBeforeTaxRatio": 0.15744732074674198,
        "incomeTaxExpense": 110080000,
        "netIncome": 178981000,
        "netIncomeRatio": 0.09748834645480581,
        "eps": 5.73,
        "epsdiluted": 5.64,
        "weightedAverageShsOut": 31234000,
        "weightedAverageShsOutDil": 31735000,
        "link": "https://www.sec.gov/Archives/edgar/data/1058090/000119312511039010/d10k.htm",
        "finalLink": "https://www.sec.gov/Archives/edgar/data/1058090/000119312511039010/d10k.htm"
    },
    {
        "date": "2009-12-31",
        "symbol": "CMG",
        "reportedCurrency": "USD",
        "cik": "0001058090",
        "fillingDate": "2010-02-19",
        "acceptedDate": "2010-02-19 13:29:38",
        "calendarYear": "2009",
        "period": "FY",
        "revenue": 1518417000,
        "costOfRevenue": 1139898000,
        "grossProfit": 378519000,
        "grossProfitRatio": 0.2492852753887766,
        "researchAndDevelopmentExpenses": 0,
        "generalAndAdministrativeExpenses": 107550000,
        "sellingAndMarketingExpenses": 0,
        "sellingGeneralAndAdministrativeExpenses": 107550000,
        "otherExpenses": 67264000,
        "operatingExpenses": 174814000,
        "costAndExpenses": 1314712000,
        "interestIncome": 925000,
        "interestExpense": 405000,
        "depreciationAndAmortization": 61308000,
        "ebitda": 265938000,
        "ebitdaratio": 0.17514161129650155,
        "operatingIncome": 203705000,
        "operatingIncomeRatio": 0.13415616395232666,
        "totalOtherIncomeExpensesNet": 520000,
        "incomeBeforeTax": 204225000,
        "incomeBeforeTaxRatio": 0.13449862587154912,
        "incomeTaxExpense": 77380000,
        "netIncome": 126845000,
        "netIncomeRatio": 0.0835376579687925,
        "eps": 3.99,
        "epsdiluted": 3.95,
        "weightedAverageShsOut": 31766000,
        "weightedAverageShsOutDil": 32102000,
        "link": "https://www.sec.gov/Archives/edgar/data/1058090/000119312510035029/0001193125-10-035029-index.html",
        "finalLink": "https://www.sec.gov/Archives/edgar/data/1058090/000119312510035029/d10k.htm"
    },
    {
        "date": "2008-12-31",
        "symbol": "CMG",
        "reportedCurrency": "USD",
        "cik": "0001058090",
        "fillingDate": "2009-02-19",
        "acceptedDate": "2009-02-19 17:25:05",
        "calendarYear": "2008",
        "period": "FY",
        "revenue": 1331968000,
        "costOfRevenue": 1045041000,
        "grossProfit": 286927000,
        "grossProfitRatio": 0.21541583581587545,
        "researchAndDevelopmentExpenses": 0,
        "generalAndAdministrativeExpenses": 100779000,
        "sellingAndMarketingExpenses": 0,
        "sellingGeneralAndAdministrativeExpenses": 100779000,
        "otherExpenses": 62109000,
        "operatingExpenses": 162888000,
        "costAndExpenses": 1207929000,
        "interestIncome": 3469000,
        "interestExpense": 302000,
        "depreciationAndAmortization": 52770000,
        "ebitda": 180278000,
        "ebitdaratio": 0.13534709542571594,
        "operatingIncome": 124039000,
        "operatingIncomeRatio": 0.09312460960023064,
        "totalOtherIncomeExpensesNet": 3167000,
        "incomeBeforeTax": 127206000,
        "incomeBeforeTaxRatio": 0.0955022943494138,
        "incomeTaxExpense": 49004000,
        "netIncome": 78202000,
        "netIncomeRatio": 0.05871162069959639,
        "eps": 2.39,
        "epsdiluted": 2.36,
        "weightedAverageShsOut": 32766000,
        "weightedAverageShsOutDil": 33146000,
        "link": "https://www.sec.gov/Archives/edgar/data/1058090/000119312509033199/0001193125-09-033199-index.html",
        "finalLink": "https://www.sec.gov/Archives/edgar/data/1058090/000119312509033199/d10k.htm"
    },
    {
        "date": "2007-12-31",
        "symbol": "CMG",
        "reportedCurrency": "USD",
        "cik": "0001058090",
        "fillingDate": "2008-02-26",
        "acceptedDate": "2008-02-26 16:41:24",
        "calendarYear": "2007",
        "period": "FY",
        "revenue": 1085782000,
        "costOfRevenue": 843213000,
        "grossProfit": 242569000,
        "grossProfitRatio": 0.2234048823797042,
        "researchAndDevelopmentExpenses": 0,
        "generalAndAdministrativeExpenses": 75038000,
        "sellingAndMarketingExpenses": 0,
        "sellingGeneralAndAdministrativeExpenses": 75038000,
        "otherExpenses": 49763000,
        "operatingExpenses": 124801000,
        "costAndExpenses": 968014000,
        "interestIncome": 0,
        "interestExpense": 0,
        "depreciationAndAmortization": 43595000,
        "ebitda": 157597000,
        "ebitdaratio": 0.14514607904717522,
        "operatingIncome": 108183000,
        "operatingIncomeRatio": 0.09963602270068946,
        "totalOtherIncomeExpensesNet": 5819000,
        "incomeBeforeTax": 114002000,
        "incomeBeforeTaxRatio": 0.10499529371457622,
        "incomeTaxExpense": 43439000,
        "netIncome": 70563000,
        "netIncomeRatio": 0.06498818363170508,
        "eps": 2.16,
        "epsdiluted": 2.13,
        "weightedAverageShsOut": 32672000,
        "weightedAverageShsOutDil": 33146000,
        "link": "https://www.sec.gov/Archives/edgar/data/1058090/000119312508038764/d10k.htm",
        "finalLink": "https://www.sec.gov/Archives/edgar/data/1058090/000119312508038764/d10k.htm"
    },
    {
        "date": "2006-12-31",
        "symbol": "CMG",
        "reportedCurrency": "USD",
        "cik": "0001058090",
        "fillingDate": "2007-02-23",
        "acceptedDate": "2007-02-23 15:46:42",
        "calendarYear": "2006",
        "period": "FY",
        "revenue": 822930000,
        "costOfRevenue": 650681000,
        "grossProfit": 172249000,
        "grossProfitRatio": 0.20931184912446987,
        "researchAndDevelopmentExpenses": 0,
        "generalAndAdministrativeExpenses": 65284000,
        "sellingAndMarketingExpenses": 0,
        "sellingGeneralAndAdministrativeExpenses": 65284000,
        "otherExpenses": 45013000,
        "operatingExpenses": 110297000,
        "costAndExpenses": 760978000,
        "interestIncome": 0,
        "interestExpense": 0,
        "depreciationAndAmortization": 34253000,
        "ebitda": 102508000,
        "ebitdaratio": 0.12456466528137265,
        "operatingIncome": 61952000,
        "operatingIncomeRatio": 0.07528222327536972,
        "totalOtherIncomeExpensesNet": 6303000,
        "incomeBeforeTax": 68255000,
        "incomeBeforeTaxRatio": 0.08294144094880489,
        "incomeTaxExpense": 26832000,
        "netIncome": 41423000,
        "netIncomeRatio": 0.05033599455603757,
        "eps": 1.29,
        "epsdiluted": 1.28,
        "weightedAverageShsOut": 32051000,
        "weightedAverageShsOutDil": 32465000,
        "link": "https://www.sec.gov/Archives/edgar/data/1058090/000119312507038325/d10k.htm",
        "finalLink": "https://www.sec.gov/Archives/edgar/data/1058090/000119312507038325/d10k.htm"
    },
    {
        "date": "2005-12-31",
        "symbol": "CMG",
        "reportedCurrency": "USD",
        "cik": "0001058090",
        "fillingDate": "2005-12-31",
        "acceptedDate": "2005-12-30 19:00:00",
        "calendarYear": "2005",
        "period": "FY",
        "revenue": 627695000,
        "costOfRevenue": 511621000,
        "grossProfit": 116074000,
        "grossProfitRatio": 0.1849210205593481,
        "researchAndDevelopmentExpenses": 0,
        "generalAndAdministrativeExpenses": 53935000,
        "sellingAndMarketingExpenses": 0,
        "sellingGeneralAndAdministrativeExpenses": 53935000,
        "otherExpenses": 31145000,
        "operatingExpenses": 85080000,
        "costAndExpenses": 596701000,
        "interestIncome": 0,
        "interestExpense": 0,
        "depreciationAndAmortization": 28026000,
        "ebitda": 58266000,
        "ebitdaratio": 0.09282533714622547,
        "operatingIncome": 30994000,
        "operatingIncomeRatio": 0.04937748428775122,
        "totalOtherIncomeExpensesNet": -754000,
        "incomeBeforeTax": 30240000,
        "incomeBeforeTaxRatio": 0.04817626394984825,
        "incomeTaxExpense": -7456000,
        "netIncome": 37696000,
        "netIncomeRatio": 0.060054644373461634,
        "eps": 1.43,
        "epsdiluted": 1.43,
        "weightedAverageShsOut": 26281000,
        "weightedAverageShsOutDil": 26374000,
        "link": "",
        "finalLink": ""
    },
    {
        "date": "2004-12-31",
        "symbol": "CMG",
        "reportedCurrency": "USD",
        "cik": "0001058090",
        "fillingDate": "2004-12-31",
        "acceptedDate": "2004-12-30 19:00:00",
        "calendarYear": "2004",
        "period": "FY",
        "revenue": 470721000,
        "costOfRevenue": 218422000,
        "grossProfit": 252299000,
        "grossProfitRatio": 0.5359841604687278,
        "researchAndDevelopmentExpenses": 0,
        "generalAndAdministrativeExpenses": 222713000,
        "sellingAndMarketingExpenses": 0,
        "sellingGeneralAndAdministrativeExpenses": 222713000,
        "otherExpenses": 23480000,
        "operatingExpenses": 246193000,
        "costAndExpenses": 464615000,
        "interestIncome": 0,
        "interestExpense": 0,
        "depreciationAndAmortization": 21802000,
        "ebitda": 27928000,
        "ebitdaratio": 0.059330261449988424,
        "operatingIncome": 6106000,
        "operatingIncomeRatio": 0.012971590390061204,
        "totalOtherIncomeExpensesNet": 20000,
        "incomeBeforeTax": 6126000,
        "incomeBeforeTaxRatio": 0.013014078403130517,
        "incomeTaxExpense": 0,
        "netIncome": 6126000,
        "netIncomeRatio": 0.013014078403130517,
        "eps": 0.08,
        "epsdiluted": 0.08,
        "weightedAverageShsOut": 55893078,
        "weightedAverageShsOutDil": 56090651,
        "link": "",
        "finalLink": ""
    },
    {
        "date": "2003-12-31",
        "symbol": "CMG",
        "reportedCurrency": "USD",
        "cik": "0001058090",
        "fillingDate": "2003-12-31",
        "acceptedDate": "2003-12-30 19:00:00",
        "calendarYear": "2003",
        "period": "FY",
        "revenue": 315520000,
        "costOfRevenue": 0,
        "grossProfit": 0,
        "grossProfitRatio": 0,
        "researchAndDevelopmentExpenses": 0,
        "generalAndAdministrativeExpenses": 34189000,
        "sellingAndMarketingExpenses": 0,
        "sellingGeneralAndAdministrativeExpenses": 34189000,
        "otherExpenses": 15090000,
        "operatingExpenses": 49279000,
        "costAndExpenses": 49279000,
        "interestIncome": 0,
        "interestExpense": 0,
        "depreciationAndAmortization": 15090000,
        "ebitda": 7376000,
        "ebitdaratio": 0.023377281947261665,
        "operatingIncome": -7935000,
        "operatingIncomeRatio": -0.025148960446247464,
        "totalOtherIncomeExpensesNet": 221000,
        "incomeBeforeTax": -7714000,
        "incomeBeforeTaxRatio": -0.024448529411764706,
        "incomeTaxExpense": 0,
        "netIncome": -7714000,
        "netIncomeRatio": -0.024448529411764706,
        "eps": -0.34,
        "epsdiluted": -0.34,
        "weightedAverageShsOut": 22384000,
        "weightedAverageShsOutDil": 22384000,
        "link": "",
        "finalLink": ""
    },
    {
        "date": "2002-12-31",
        "symbol": "CMG",
        "reportedCurrency": "USD",
        "cik": "0001058090",
        "fillingDate": "2002-12-31",
        "acceptedDate": "2002-12-30 19:00:00",
        "calendarYear": "2002",
        "period": "FY",
        "revenue": 204645000,
        "costOfRevenue": 0,
        "grossProfit": 0,
        "grossProfitRatio": 0,
        "researchAndDevelopmentExpenses": 0,
        "generalAndAdministrativeExpenses": 25803000,
        "sellingAndMarketingExpenses": 0,
        "sellingGeneralAndAdministrativeExpenses": 25803000,
        "otherExpenses": 11260000,
        "operatingExpenses": 37063000,
        "costAndExpenses": 37063000,
        "interestIncome": 0,
        "interestExpense": 0,
        "depreciationAndAmortization": 11260000,
        "ebitda": -6029000,
        "ebitdaratio": -0.029460773534657578,
        "operatingIncome": -17632000,
        "operatingIncomeRatio": -0.08615895819590022,
        "totalOtherIncomeExpensesNet": 343000,
        "incomeBeforeTax": -17289000,
        "incomeBeforeTaxRatio": -0.08448288499596864,
        "incomeTaxExpense": 0,
        "netIncome": -17289000,
        "netIncomeRatio": -0.08448288499596864,
        "eps": -0.87,
        "epsdiluted": -0.87,
        "weightedAverageShsOut": 19931000,
        "weightedAverageShsOutDil": 19931000,
        "link": "",
        "finalLink": ""
    },
    {
        "date": "2001-12-31",
        "symbol": "CMG",
        "reportedCurrency": "USD",
        "cik": "0001058090",
        "fillingDate": "2001-12-31",
        "acceptedDate": "2001-12-30 19:00:00",
        "calendarYear": "2001",
        "period": "FY",
        "revenue": 131598000,
        "costOfRevenue": 0,
        "grossProfit": 0,
        "grossProfitRatio": 0,
        "researchAndDevelopmentExpenses": 0,
        "generalAndAdministrativeExpenses": 20687000,
        "sellingAndMarketingExpenses": 0,
        "sellingGeneralAndAdministrativeExpenses": 20687000,
        "otherExpenses": 8730000,
        "operatingExpenses": 29417000,
        "costAndExpenses": 29417000,
        "interestIncome": 0,
        "interestExpense": 0,
        "depreciationAndAmortization": 8730000,
        "ebitda": -15270000,
        "ebitdaratio": -0.11603519810331464,
        "operatingIncome": -24722000,
        "operatingIncomeRatio": -0.1878599978723081,
        "totalOtherIncomeExpensesNet": 722000,
        "incomeBeforeTax": -24000000,
        "incomeBeforeTaxRatio": -0.1823735923038344,
        "incomeTaxExpense": 0,
        "netIncome": -24000000,
        "netIncomeRatio": -0.1823735923038344,
        "eps": -1.49,
        "epsdiluted": -1.49,
        "weightedAverageShsOut": 16063000,
        "weightedAverageShsOutDil": 16063000,
        "link": "",
        "finalLink": ""
    }
]