[
    {
        "date": "2021-12-31",
        "symbol": "CVX",
        "reportedCurrency": "USD",
        "cik": "0000093410",
        "fillingDate": "2022-02-24",
        "acceptedDate": "2022-02-24 11:45:37",
        "calendarYear": "2021",
        "period": "FY",
        "revenue": 155606000000,
        "costOfRevenue": 107297000000,
        "grossProfit": 48309000000,
        "grossProfitRatio": 0.31045718031438374,
        "researchAndDevelopmentExpenses": 0,
        "generalAndAdministrativeExpenses": 0,
        "sellingAndMarketingExpenses": 0,
        "sellingGeneralAndAdministrativeExpenses": 4014000000,
        "otherExpenses": 28115000000,
        "operatingExpenses": 32129000000,
        "costAndExpenses": 139426000000,
        "interestIncome": null,
        "interestExpense": 712000000,
        "depreciationAndAmortization": 17925000000,
        "ebitda": 40212000000,
        "ebitdaratio": 0.2584219117514749,
        "operatingIncome": 16180000000,
        "operatingIncomeRatio": 0.10398056630207062,
        "totalOtherIncomeExpensesNet": 5459000000,
        "incomeBeforeTax": 21639000000,
        "incomeBeforeTaxRatio": 0.13906276107605106,
        "incomeTaxExpense": 5950000000,
        "netIncome": 15625000000,
        "netIncomeRatio": 0.10041386578923692,
        "eps": 8.17984928097201,
        "epsdiluted": 8.166696597513397,
        "weightedAverageShsOut": 1870027000,
        "weightedAverageShsOutDil": 1870027000,
        "link": "https://www.sec.gov/Archives/edgar/data/93410/000009341022000019/0000093410-22-000019-index.htm",
        "finalLink": "https://www.sec.gov/Archives/edgar/data/93410/000009341022000019/cvx-20211231.htm"
    },
    {
        "date": "2020-12-31",
        "symbol": "CVX",
        "reportedCurrency": "USD",
        "cik": "0000093410",
        "fillingDate": "2021-02-25",
        "acceptedDate": "2021-02-25 14:32:29",
        "calendarYear": "2020",
        "period": "FY",
        "revenue": 94471000000,
        "costOfRevenue": 69996000000,
        "grossProfit": 24475000000,
        "grossProfitRatio": 0.2590742132506272,
        "researchAndDevelopmentExpenses": 0,
        "generalAndAdministrativeExpenses": 0,
        "sellingAndMarketingExpenses": 0,
        "sellingGeneralAndAdministrativeExpenses": 4213000000,
        "otherExpenses": 26359000000,
        "operatingExpenses": 30572000000,
        "costAndExpenses": 100568000000,
        "interestIncome": 0,
        "interestExpense": 697000000,
        "depreciationAndAmortization": 19508000000,
        "ebitda": 12770000000,
        "ebitdaratio": 0.13517375702596565,
        "operatingIncome": -6097000000,
        "operatingIncomeRatio": -0.06453832393009495,
        "totalOtherIncomeExpensesNet": -1356000000,
        "incomeBeforeTax": -7453000000,
        "incomeBeforeTaxRatio": -0.07889193509119201,
        "incomeTaxExpense": -1892000000,
        "netIncome": -5543000000,
        "netIncomeRatio": -0.05867409046162314,
        "eps": -2.96,
        "epsdiluted": -2.96,
        "weightedAverageShsOut": 1870027000,
        "weightedAverageShsOutDil": 1870027000,
        "link": "https://www.sec.gov/Archives/edgar/data/93410/000009341021000009/0000093410-21-000009-index.htm",
        "finalLink": "https://www.sec.gov/Archives/edgar/data/93410/000009341021000009/cvx-20201231.htm"
    },
    {
        "date": "2019-12-31",
        "symbol": "CVX",
        "reportedCurrency": "USD",
        "cik": "0000093410",
        "fillingDate": "2020-02-21",
        "acceptedDate": "2020-02-21 11:40:21",
        "calendarYear": "2019",
        "period": "FY",
        "revenue": 139865000000,
        "costOfRevenue": 109331000000,
        "grossProfit": 30534000000,
        "grossProfitRatio": 0.2183105137096486,
        "researchAndDevelopmentExpenses": 0,
        "generalAndAdministrativeExpenses": 0,
        "sellingAndMarketingExpenses": 0,
        "sellingGeneralAndAdministrativeExpenses": 4143000000,
        "otherExpenses": 26291000000,
        "operatingExpenses": 30434000000,
        "costAndExpenses": 139765000000,
        "interestIncome": 0,
        "interestExpense": 798000000,
        "depreciationAndAmortization": 29218000000,
        "ebitda": 35631000000,
        "ebitdaratio": 0.25475279734029244,
        "operatingIncome": 100000000,
        "operatingIncomeRatio": 0.0007149751546133772,
        "totalOtherIncomeExpensesNet": 5436000000,
        "incomeBeforeTax": 5536000000,
        "incomeBeforeTaxRatio": 0.03958102455939656,
        "incomeTaxExpense": 2691000000,
        "netIncome": 2924000000,
        "netIncomeRatio": 0.02090587352089515,
        "eps": 1.55,
        "epsdiluted": 1.54,
        "weightedAverageShsOut": 1882499000,
        "weightedAverageShsOutDil": 1895126000,
        "link": "https://www.sec.gov/Archives/edgar/data/93410/000009341020000010/0000093410-20-000010-index.html",
        "finalLink": "https://www.sec.gov/Archives/edgar/data/93410/000009341020000010/cvx12312019-10kdoc.htm"
    },
    {
        "date": "2018-12-31",
        "symbol": "CVX",
        "reportedCurrency": "USD",
        "cik": "0000093410",
        "fillingDate": "2019-02-22",
        "acceptedDate": "2019-02-22 11:25:08",
        "calendarYear": "2018",
        "period": "FY",
        "revenue": 158902000000,
        "costOfRevenue": 113997000000,
        "grossProfit": 44905000000,
        "grossProfitRatio": 0.28259556204453057,
        "researchAndDevelopmentExpenses": 0,
        "generalAndAdministrativeExpenses": 0,
        "sellingAndMarketingExpenses": 0,
        "sellingGeneralAndAdministrativeExpenses": 3838000000,
        "otherExpenses": 26621000000,
        "operatingExpenses": 30459000000,
        "costAndExpenses": 144456000000,
        "interestIncome": 0,
        "interestExpense": 748000000,
        "depreciationAndAmortization": 19419000000,
        "ebitda": 40706000000,
        "ebitdaratio": 0.2561704698493411,
        "operatingIncome": 14446000000,
        "operatingIncomeRatio": 0.09091137934072573,
        "totalOtherIncomeExpensesNet": 6129000000,
        "incomeBeforeTax": 20575000000,
        "incomeBeforeTaxRatio": 0.12948232243772892,
        "incomeTaxExpense": 5715000000,
        "netIncome": 14824000000,
        "netIncomeRatio": 0.0932902040251224,
        "eps": 7.81,
        "epsdiluted": 7.74,
        "weightedAverageShsOut": 1897623000,
        "weightedAverageShsOutDil": 1914107000,
        "link": "https://www.sec.gov/Archives/edgar/data/93410/000009341019000008/0000093410-19-000008-index.html",
        "finalLink": "https://www.sec.gov/Archives/edgar/data/93410/000009341019000008/cvx12312018-10kdoc.htm"
    },
    {
        "date": "2017-12-31",
        "symbol": "CVX",
        "reportedCurrency": "USD",
        "cik": "0000093410",
        "fillingDate": "2018-02-22",
        "acceptedDate": "2018-02-22 11:49:59",
        "calendarYear": "2017",
        "period": "FY",
        "revenue": 134674000000,
        "costOfRevenue": 95114000000,
        "grossProfit": 39560000000,
        "grossProfitRatio": 0.2937463801476157,
        "researchAndDevelopmentExpenses": 0,
        "generalAndAdministrativeExpenses": 0,
        "sellingAndMarketingExpenses": 0,
        "sellingGeneralAndAdministrativeExpenses": 4448000000,
        "otherExpenses": 32632000000,
        "operatingExpenses": 37080000000,
        "costAndExpenses": 132194000000,
        "interestIncome": 0,
        "interestExpense": 307000000,
        "depreciationAndAmortization": 19349000000,
        "ebitda": 28803000000,
        "ebitdaratio": 0.21387201687036844,
        "operatingIncome": 2480000000,
        "operatingIncomeRatio": 0.018414838795907152,
        "totalOtherIncomeExpensesNet": 6741000000,
        "incomeBeforeTax": 9221000000,
        "incomeBeforeTaxRatio": 0.06846904376494349,
        "incomeTaxExpense": -48000000,
        "netIncome": 9195000000,
        "netIncomeRatio": 0.06827598497111544,
        "eps": 4.88,
        "epsdiluted": 4.85,
        "weightedAverageShsOut": 1882834000,
        "weightedAverageShsOutDil": 1897633000,
        "link": "https://www.sec.gov/Archives/edgar/data/93410/000009341018000010/0000093410-18-000010-index.html",
        "finalLink": "https://www.sec.gov/Archives/edgar/data/93410/000009341018000010/cvx12312017-10kdoc.htm"
    },
    {
        "date": "2016-12-31",
        "symbol": "CVX",
        "reportedCurrency": "USD",
        "cik": "0000093410",
        "fillingDate": "2017-02-23",
        "acceptedDate": "2017-02-23 12:18:42",
        "calendarYear": "2016",
        "period": "FY",
        "revenue": 110215000000,
        "costOfRevenue": 78778000000,
        "grossProfit": 31437000000,
        "grossProfitRatio": 0.28523340743093045,
        "researchAndDevelopmentExpenses": 0,
        "generalAndAdministrativeExpenses": 0,
        "sellingAndMarketingExpenses": 0,
        "sellingGeneralAndAdministrativeExpenses": 4684000000,
        "otherExpenses": 32969000000,
        "operatingExpenses": 37653000000,
        "costAndExpenses": 116431000000,
        "interestIncome": 0,
        "interestExpense": 201000000,
        "depreciationAndAmortization": 19457000000,
        "ebitda": 17432000000,
        "ebitdaratio": 0.15816358934809235,
        "operatingIncome": -6216000000,
        "operatingIncomeRatio": -0.05639885677993014,
        "totalOtherIncomeExpensesNet": 4056000000,
        "incomeBeforeTax": -2160000000,
        "incomeBeforeTaxRatio": -0.019598058340516263,
        "incomeTaxExpense": -1729000000,
        "netIncome": -497000000,
        "netIncomeRatio": -0.00450936805335027,
        "eps": -0.27,
        "epsdiluted": -0.27,
        "weightedAverageShsOut": 1872789000,
        "weightedAverageShsOutDil": 1872789000,
        "link": "https://www.sec.gov/Archives/edgar/data/93410/000009341017000013/0000093410-17-000013-index.html",
        "finalLink": "https://www.sec.gov/Archives/edgar/data/93410/000009341017000013/cvx-123116x10kdoc.htm"
    },
    {
        "date": "2015-12-31",
        "symbol": "CVX",
        "reportedCurrency": "USD",
        "cik": "0000093410",
        "fillingDate": "2016-02-25",
        "acceptedDate": "2016-02-25 12:08:14",
        "calendarYear": "2015",
        "period": "FY",
        "revenue": 129925000000,
        "costOfRevenue": 90788000000,
        "grossProfit": 39137000000,
        "grossProfitRatio": 0.30122763132576486,
        "researchAndDevelopmentExpenses": 0,
        "generalAndAdministrativeExpenses": 0,
        "sellingAndMarketingExpenses": 0,
        "sellingGeneralAndAdministrativeExpenses": 4443000000,
        "otherExpenses": 38404000000,
        "operatingExpenses": 42847000000,
        "costAndExpenses": 133635000000,
        "interestIncome": 0,
        "interestExpense": 0,
        "depreciationAndAmortization": 21037000000,
        "ebitda": 25756000000,
        "ebitdaratio": 0.19823744467962287,
        "operatingIncome": -3710000000,
        "operatingIncomeRatio": -0.028554935539734462,
        "totalOtherIncomeExpensesNet": 8552000000,
        "incomeBeforeTax": 4842000000,
        "incomeBeforeTaxRatio": 0.03726765441600924,
        "incomeTaxExpense": 132000000,
        "netIncome": 4587000000,
        "netIncomeRatio": 0.03530498364441024,
        "eps": 2.46,
        "epsdiluted": 2.45,
        "weightedAverageShsOut": 1867941000,
        "weightedAverageShsOutDil": 1874971000,
        "link": "https://www.sec.gov/Archives/edgar/data/93410/000009341016000049/0000093410-16-000049-index.html",
        "finalLink": "https://www.sec.gov/Archives/edgar/data/93410/000009341016000049/cvx-123115x10kdoc.htm"
    },
    {
        "date": "2014-12-31",
        "symbol": "CVX",
        "reportedCurrency": "USD",
        "cik": "0000093410",
        "fillingDate": "2015-02-20",
        "acceptedDate": "2015-02-20 11:36:43",
        "calendarYear": "2014",
        "period": "FY",
        "revenue": 200494000000,
        "costOfRevenue": 136464000000,
        "grossProfit": 64030000000,
        "grossProfitRatio": 0.3193611778906102,
        "researchAndDevelopmentExpenses": 0,
        "generalAndAdministrativeExpenses": 0,
        "sellingAndMarketingExpenses": 0,
        "sellingGeneralAndAdministrativeExpenses": 4494000000,
        "otherExpenses": 39810000000,
        "operatingExpenses": 44304000000,
        "costAndExpenses": 180768000000,
        "interestIncome": 0,
        "interestExpense": 0,
        "depreciationAndAmortization": 16793000000,
        "ebitda": 47926000000,
        "ebitdaratio": 0.2390395722565264,
        "operatingIncome": 19726000000,
        "operatingIncomeRatio": 0.09838698414915159,
        "totalOtherIncomeExpensesNet": 11476000000,
        "incomeBeforeTax": 31202000000,
        "incomeBeforeTaxRatio": 0.15562560475625206,
        "incomeTaxExpense": 11892000000,
        "netIncome": 19241000000,
        "netIncomeRatio": 0.09596795914092192,
        "eps": 10.21,
        "epsdiluted": 10.14,
        "weightedAverageShsOut": 1883633000,
        "weightedAverageShsOutDil": 1897897000,
        "link": "https://www.sec.gov/Archives/edgar/data/93410/000009341015000010/cvx-123114x10kdoc.htm",
        "finalLink": "https://www.sec.gov/Archives/edgar/data/93410/000009341015000010/cvx-123114x10kdoc.htm"
    },
    {
        "date": "2013-12-31",
        "symbol": "CVX",
        "reportedCurrency": "USD",
        "cik": "0000093410",
        "fillingDate": "2014-02-21",
        "acceptedDate": "2014-02-21 11:21:41",
        "calendarYear": "2013",
        "period": "FY",
        "revenue": 220156000000,
        "costOfRevenue": 148882000000,
        "grossProfit": 71274000000,
        "grossProfitRatio": 0.3237431639382983,
        "researchAndDevelopmentExpenses": 0,
        "generalAndAdministrativeExpenses": 0,
        "sellingAndMarketingExpenses": 0,
        "sellingGeneralAndAdministrativeExpenses": 4510000000,
        "otherExpenses": 39551000000,
        "operatingExpenses": 44061000000,
        "costAndExpenses": 192943000000,
        "interestIncome": 0,
        "interestExpense": 0,
        "depreciationAndAmortization": 14186000000,
        "ebitda": 49917000000,
        "ebitdaratio": 0.22673467904576755,
        "operatingIncome": 27213000000,
        "operatingIncomeRatio": 0.1236078053743709,
        "totalOtherIncomeExpensesNet": 8692000000,
        "incomeBeforeTax": 35905000000,
        "incomeBeforeTaxRatio": 0.16308890059775796,
        "incomeTaxExpense": 14308000000,
        "netIncome": 21423000000,
        "netIncomeRatio": 0.09730827231599411,
        "eps": 11.18,
        "epsdiluted": 11.09,
        "weightedAverageShsOut": 1917018000,
        "weightedAverageShsOutDil": 1932393000,
        "link": "https://www.sec.gov/Archives/edgar/data/93410/000009341014000011/cvx-123113x10kdoc.htm",
        "finalLink": "https://www.sec.gov/Archives/edgar/data/93410/000009341014000011/cvx-123113x10kdoc.htm"
    },
    {
        "date": "2012-12-31",
        "symbol": "CVX",
        "reportedCurrency": "USD",
        "cik": "0000093410",
        "fillingDate": "2013-02-22",
        "acceptedDate": "2013-02-22 11:55:46",
        "calendarYear": "2012",
        "period": "FY",
        "revenue": 230590000000,
        "costOfRevenue": 154179000000,
        "grossProfit": 76411000000,
        "grossProfitRatio": 0.33137169868597943,
        "researchAndDevelopmentExpenses": 0,
        "generalAndAdministrativeExpenses": 0,
        "sellingAndMarketingExpenses": 0,
        "sellingGeneralAndAdministrativeExpenses": 4724000000,
        "otherExpenses": 36674000000,
        "operatingExpenses": 41398000000,
        "costAndExpenses": 195577000000,
        "interestIncome": 0,
        "interestExpense": 0,
        "depreciationAndAmortization": 13413000000,
        "ebitda": 59588000000,
        "ebitdaratio": 0.25841536927013314,
        "operatingIncome": 35013000000,
        "operatingIncomeRatio": 0.15184092978880265,
        "totalOtherIncomeExpensesNet": 11319000000,
        "incomeBeforeTax": 46332000000,
        "incomeBeforeTaxRatio": 0.2009280541220348,
        "incomeTaxExpense": 19996000000,
        "netIncome": 26179000000,
        "netIncomeRatio": 0.11353050869508652,
        "eps": 13.42,
        "epsdiluted": 13.32,
        "weightedAverageShsOut": 1950480000,
        "weightedAverageShsOutDil": 1964755000,
        "link": "https://www.sec.gov/Archives/edgar/data/93410/000009341013000003/0000093410-13-000003-index.html",
        "finalLink": "https://www.sec.gov/Archives/edgar/data/93410/000009341013000003/cvx-123112x10kdoc.htm"
    },
    {
        "date": "2011-12-31",
        "symbol": "CVX",
        "reportedCurrency": "USD",
        "cik": "0000093410",
        "fillingDate": "2012-02-23",
        "acceptedDate": "2012-02-23 13:51:37",
        "calendarYear": "2011",
        "period": "FY",
        "revenue": 246343000000,
        "costOfRevenue": 179657000000,
        "grossProfit": 66686000000,
        "grossProfitRatio": 0.27070385600565067,
        "researchAndDevelopmentExpenses": 0,
        "generalAndAdministrativeExpenses": 0,
        "sellingAndMarketingExpenses": 0,
        "sellingGeneralAndAdministrativeExpenses": 4745000000,
        "otherExpenses": 29755000000,
        "operatingExpenses": 34500000000,
        "costAndExpenses": 214157000000,
        "interestIncome": 0,
        "interestExpense": 0,
        "depreciationAndAmortization": 12911000000,
        "ebitda": 60432000000,
        "ebitdaratio": 0.24531648961001531,
        "operatingIncome": 32186000000,
        "operatingIncomeRatio": 0.1306552246258266,
        "totalOtherIncomeExpensesNet": 15448000000,
        "incomeBeforeTax": 47634000000,
        "incomeBeforeTaxRatio": 0.19336453643903012,
        "incomeTaxExpense": 20626000000,
        "netIncome": 26895000000,
        "netIncomeRatio": 0.1091770417669672,
        "eps": 13.54,
        "epsdiluted": 13.44,
        "weightedAverageShsOut": 1986482000,
        "weightedAverageShsOutDil": 2000785000,
        "link": "https://www.sec.gov/Archives/edgar/data/93410/000095012312002976/0000950123-12-002976-index.html",
        "finalLink": "https://www.sec.gov/Archives/edgar/data/93410/000095012312002976/f60351e10vk.htm"
    },
    {
        "date": "2010-12-31",
        "symbol": "CVX",
        "reportedCurrency": "USD",
        "cik": "0000093410",
        "fillingDate": "2011-02-24",
        "acceptedDate": "2011-02-24 12:52:15",
        "calendarYear": "2010",
        "period": "FY",
        "revenue": 199291000000,
        "costOfRevenue": 135655000000,
        "grossProfit": 63636000000,
        "grossProfitRatio": 0.31931196090139546,
        "researchAndDevelopmentExpenses": 0,
        "generalAndAdministrativeExpenses": 0,
        "sellingAndMarketingExpenses": 0,
        "sellingGeneralAndAdministrativeExpenses": 4767000000,
        "otherExpenses": 32401000000,
        "operatingExpenses": 37168000000,
        "costAndExpenses": 172823000000,
        "interestIncome": 0,
        "interestExpense": 50000000,
        "depreciationAndAmortization": 13063000000,
        "ebitda": 45056000000,
        "ebitdaratio": 0.22608145877134442,
        "operatingIncome": 26468000000,
        "operatingIncomeRatio": 0.13281081433682404,
        "totalOtherIncomeExpensesNet": 5587000000,
        "incomeBeforeTax": 32055000000,
        "incomeBeforeTaxRatio": 0.16084519622060203,
        "incomeTaxExpense": 12919000000,
        "netIncome": 19024000000,
        "netIncomeRatio": 0.09545840002809962,
        "eps": 2.65,
        "epsdiluted": 2.64,
        "weightedAverageShsOut": 1998005000,
        "weightedAverageShsOutDil": 2009104000,
        "link": "https://www.sec.gov/Archives/edgar/data/93410/000095012311017688/f56670e10vk.htm",
        "finalLink": "https://www.sec.gov/Archives/edgar/data/93410/000095012311017688/f56670e10vk.htm"
    },
    {
        "date": "2009-12-31",
        "symbol": "CVX",
        "reportedCurrency": "USD",
        "cik": "0000093410",
        "fillingDate": "2010-02-25",
        "acceptedDate": "2010-02-25 12:56:14",
        "calendarYear": "2009",
        "period": "FY",
        "revenue": 168320000000,
        "costOfRevenue": 117510000000,
        "grossProfit": 50810000000,
        "grossProfitRatio": 0.30186549429657794,
        "researchAndDevelopmentExpenses": 0,
        "generalAndAdministrativeExpenses": 0,
        "sellingAndMarketingExpenses": 0,
        "sellingGeneralAndAdministrativeExpenses": 4527000000,
        "otherExpenses": 31043000000,
        "operatingExpenses": 35570000000,
        "costAndExpenses": 153080000000,
        "interestIncome": 0,
        "interestExpense": 28000000,
        "depreciationAndAmortization": 12110000000,
        "ebitda": 30586000000,
        "ebitdaratio": 0.1817134030418251,
        "operatingIncome": 15240000000,
        "operatingIncomeRatio": 0.09054182509505704,
        "totalOtherIncomeExpensesNet": 3288000000,
        "incomeBeforeTax": 18528000000,
        "incomeBeforeTaxRatio": 0.11007604562737643,
        "incomeTaxExpense": 7965000000,
        "netIncome": 10483000000,
        "netIncomeRatio": 0.062280180608365016,
        "eps": 5.26,
        "epsdiluted": 5.24,
        "weightedAverageShsOut": 1992274000,
        "weightedAverageShsOutDil": 2000925000,
        "link": "https://www.sec.gov/Archives/edgar/data/93410/000095012310016846/0000950123-10-016846-index.html",
        "finalLink": "https://www.sec.gov/Archives/edgar/data/93410/000095012310016846/f54086e10vk.htm"
    },
    {
        "date": "2008-12-31",
        "symbol": "CVX",
        "reportedCurrency": "USD",
        "cik": "0000093410",
        "fillingDate": "2009-02-26",
        "acceptedDate": "2009-02-26 00:00:00",
        "calendarYear": "2008",
        "period": "FY",
        "revenue": 273005000000,
        "costOfRevenue": 193361000000,
        "grossProfit": 79644000000,
        "grossProfitRatio": 0.29173092067910844,
        "researchAndDevelopmentExpenses": 0,
        "generalAndAdministrativeExpenses": 0,
        "sellingAndMarketingExpenses": 0,
        "sellingGeneralAndAdministrativeExpenses": 5756000000,
        "otherExpenses": 30831000000,
        "operatingExpenses": 36587000000,
        "costAndExpenses": 229948000000,
        "interestIncome": 0,
        "interestExpense": 0,
        "depreciationAndAmortization": 9528000000,
        "ebitda": 52485000000,
        "ebitdaratio": 0.19224922620464827,
        "operatingIncome": 43057000000,
        "operatingIncomeRatio": 0.15771506016373327,
        "totalOtherIncomeExpensesNet": -100000000,
        "incomeBeforeTax": 42957000000,
        "incomeBeforeTaxRatio": 0.15734876650610793,
        "incomeTaxExpense": 19026000000,
        "netIncome": 23931000000,
        "netIncomeRatio": 0.0876577352063149,
        "eps": 11.74,
        "epsdiluted": 11.67,
        "weightedAverageShsOut": 2038000000,
        "weightedAverageShsOutDil": 2050000000,
        "link": "https://www.sec.gov/Archives/edgar/data/93410/000089161809000054/0000891618-09-000054-index.html",
        "finalLink": "https://www.sec.gov/Archives/edgar/data/93410/000089161809000054/f50714e10vk.htm"
    },
    {
        "date": "2007-12-31",
        "symbol": "CVX",
        "reportedCurrency": "USD",
        "cik": "0000093410",
        "fillingDate": "2008-02-28",
        "acceptedDate": "2008-02-28 08:31:30",
        "calendarYear": "2007",
        "period": "FY",
        "revenue": 220904000000,
        "costOfRevenue": 151564000000,
        "grossProfit": 69340000000,
        "grossProfitRatio": 0.3138920073878246,
        "researchAndDevelopmentExpenses": 0,
        "generalAndAdministrativeExpenses": 0,
        "sellingAndMarketingExpenses": 0,
        "sellingGeneralAndAdministrativeExpenses": 5926000000,
        "otherExpenses": 20853000000,
        "operatingExpenses": 26779000000,
        "costAndExpenses": 178343000000,
        "interestIncome": 0,
        "interestExpense": 0,
        "depreciationAndAmortization": 8708000000,
        "ebitda": 40875000000,
        "ebitdaratio": 0.18503512838155942,
        "operatingIncome": 42561000000,
        "operatingIncomeRatio": 0.19266740303480245,
        "totalOtherIncomeExpensesNet": -10394000000,
        "incomeBeforeTax": 32167000000,
        "incomeBeforeTaxRatio": 0.14561528989968492,
        "incomeTaxExpense": 13479000000,
        "netIncome": 18688000000,
        "netIncomeRatio": 0.08459783435338428,
        "eps": 8.83,
        "epsdiluted": 8.77,
        "weightedAverageShsOut": 2116421291,
        "weightedAverageShsOutDil": 2130900798,
        "link": "https://www.sec.gov/Archives/edgar/data/93410/000095013408003672/f37829e10vk.htm",
        "finalLink": "https://www.sec.gov/Archives/edgar/data/93410/000095013408003672/f37829e10vk.htm"
    },
    {
        "date": "2006-12-31",
        "symbol": "CVX",
        "reportedCurrency": "USD",
        "cik": "0000093410",
        "fillingDate": "2007-02-28",
        "acceptedDate": "2007-02-28 17:24:00",
        "calendarYear": "2006",
        "period": "FY",
        "revenue": 210118000000,
        "costOfRevenue": 144139000000,
        "grossProfit": 65979000000,
        "grossProfitRatio": 0.3140092709810678,
        "researchAndDevelopmentExpenses": 0,
        "generalAndAdministrativeExpenses": 0,
        "sellingAndMarketingExpenses": 0,
        "sellingGeneralAndAdministrativeExpenses": 5093000000,
        "otherExpenses": 18838000000,
        "operatingExpenses": 23931000000,
        "costAndExpenses": 168070000000,
        "interestIncome": 0,
        "interestExpense": 0,
        "depreciationAndAmortization": 7506000000,
        "ebitda": 39482000000,
        "ebitdaratio": 0.18790393969103075,
        "operatingIncome": 42048000000,
        "operatingIncomeRatio": 0.20011612522487365,
        "totalOtherIncomeExpensesNet": -10072000000,
        "incomeBeforeTax": 31976000000,
        "incomeBeforeTaxRatio": 0.15218115535080287,
        "incomeTaxExpense": 14838000000,
        "netIncome": 17138000000,
        "netIncomeRatio": 0.08156369278215098,
        "eps": 7.84,
        "epsdiluted": 7.8,
        "weightedAverageShsOut": 2185969388,
        "weightedAverageShsOutDil": 2197179487,
        "link": "https://www.sec.gov/Archives/edgar/data/93410/000095014907000074/f27542e10vk.htm",
        "finalLink": "https://www.sec.gov/Archives/edgar/data/93410/000095014907000074/f27542e10vk.htm"
    },
    {
        "date": "2005-12-31",
        "symbol": "CVX",
        "reportedCurrency": "USD",
        "cik": "0000093410",
        "fillingDate": "2006-03-01",
        "acceptedDate": "2006-03-01 12:24:08",
        "calendarYear": "2005",
        "period": "FY",
        "revenue": 198200000000,
        "costOfRevenue": 140902000000,
        "grossProfit": 57298000000,
        "grossProfitRatio": 0.28909182643794146,
        "researchAndDevelopmentExpenses": 0,
        "generalAndAdministrativeExpenses": 0,
        "sellingAndMarketingExpenses": 0,
        "sellingGeneralAndAdministrativeExpenses": 4828000000,
        "otherExpenses": 17976000000,
        "operatingExpenses": 22804000000,
        "costAndExpenses": 163706000000,
        "interestIncome": 0,
        "interestExpense": 0,
        "depreciationAndAmortization": 5913000000,
        "ebitda": 31110000000,
        "ebitdaratio": 0.15696266397578204,
        "operatingIncome": 34494000000,
        "operatingIncomeRatio": 0.17403632694248233,
        "totalOtherIncomeExpensesNet": -9297000000,
        "incomeBeforeTax": 25197000000,
        "incomeBeforeTaxRatio": 0.12712916246215944,
        "incomeTaxExpense": 11098000000,
        "netIncome": 14099000000,
        "netIncomeRatio": 0.07113521695257316,
        "eps": 6.58,
        "epsdiluted": 6.54,
        "weightedAverageShsOut": 2142705167,
        "weightedAverageShsOutDil": 2155810398,
        "link": "https://www.sec.gov/Archives/edgar/data/93410/000095014906000076/f16935e10vk.htm",
        "finalLink": "https://www.sec.gov/Archives/edgar/data/93410/000095014906000076/f16935e10vk.htm"
    },
    {
        "date": "2004-12-31",
        "symbol": "CVX",
        "reportedCurrency": "USD",
        "cik": "0000093410",
        "fillingDate": "2005-03-03",
        "acceptedDate": "2005-03-03 08:36:36",
        "calendarYear": "2004",
        "period": "FY",
        "revenue": 155300000000,
        "costOfRevenue": 104948000000,
        "grossProfit": 50352000000,
        "grossProfitRatio": 0.3242240824211204,
        "researchAndDevelopmentExpenses": 0,
        "generalAndAdministrativeExpenses": 0,
        "sellingAndMarketingExpenses": 0,
        "sellingGeneralAndAdministrativeExpenses": 4557000000,
        "otherExpenses": 16785000000,
        "operatingExpenses": 21342000000,
        "costAndExpenses": 126290000000,
        "interestIncome": 0,
        "interestExpense": 0,
        "depreciationAndAmortization": 4935000000,
        "ebitda": 25780000000,
        "ebitdaratio": 0.16600128783000645,
        "operatingIncome": 29010000000,
        "operatingIncomeRatio": 0.18679974243399872,
        "totalOtherIncomeExpensesNet": -8459000000,
        "incomeBeforeTax": 20551000000,
        "incomeBeforeTaxRatio": 0.13233097231165486,
        "incomeTaxExpense": 7517000000,
        "netIncome": 13328000000,
        "netIncomeRatio": 0.08582099162910496,
        "eps": 6.3,
        "epsdiluted": 6.28,
        "weightedAverageShsOut": 2115555556,
        "weightedAverageShsOutDil": 2122292994,
        "link": "https://www.sec.gov/Archives/edgar/data/93410/000095013405004137/f04196e10vk.htm",
        "finalLink": "https://www.sec.gov/Archives/edgar/data/93410/000095013405004137/f04196e10vk.htm"
    },
    {
        "date": "2003-12-31",
        "symbol": "CVX",
        "reportedCurrency": "USD",
        "cik": "0000093410",
        "fillingDate": "2003-12-31",
        "acceptedDate": "2003-12-30 19:00:00",
        "calendarYear": "2003",
        "period": "FY",
        "revenue": 121761000000,
        "costOfRevenue": 80707000000,
        "grossProfit": 41054000000,
        "grossProfitRatio": 0.3371687157628469,
        "researchAndDevelopmentExpenses": 0,
        "generalAndAdministrativeExpenses": 0,
        "sellingAndMarketingExpenses": 0,
        "sellingGeneralAndAdministrativeExpenses": 4440000000,
        "otherExpenses": 16195000000,
        "operatingExpenses": 20635000000,
        "costAndExpenses": 101342000000,
        "interestIncome": null,
        "interestExpense": 0,
        "depreciationAndAmortization": 5384000000,
        "ebitda": 17958000000,
        "ebitdaratio": 0.14748564811392811,
        "operatingIncome": 20419000000,
        "operatingIncomeRatio": 0.1676973743645338,
        "totalOtherIncomeExpensesNet": -7649000000,
        "incomeBeforeTax": 12770000000,
        "incomeBeforeTaxRatio": 0.10487758806185889,
        "incomeTaxExpense": 5344000000,
        "netIncome": 7230000000,
        "netIncomeRatio": 0.05937861876955675,
        "eps": 3.485,
        "epsdiluted": 3.48,
        "weightedAverageShsOut": 2074605452,
        "weightedAverageShsOutDil": 2077586207,
        "link": "",
        "finalLink": ""
    },
    {
        "date": "2002-12-31",
        "symbol": "CVX",
        "reportedCurrency": "USD",
        "cik": "0000093410",
        "fillingDate": "2003-03-17",
        "acceptedDate": "2003-03-17 17:23:02",
        "calendarYear": "2002",
        "period": "FY",
        "revenue": 99049000000,
        "costOfRevenue": 65688000000,
        "grossProfit": 33361000000,
        "grossProfitRatio": 0.3368130925097679,
        "researchAndDevelopmentExpenses": 0,
        "generalAndAdministrativeExpenses": 0,
        "sellingAndMarketingExpenses": 0,
        "sellingGeneralAndAdministrativeExpenses": 4155000000,
        "otherExpenses": 14914000000,
        "operatingExpenses": 19069000000,
        "costAndExpenses": 84757000000,
        "interestIncome": 0,
        "interestExpense": 0,
        "depreciationAndAmortization": 5231000000,
        "ebitda": 9387000000,
        "ebitdaratio": 0.09477127482357217,
        "operatingIncome": 14292000000,
        "operatingIncomeRatio": 0.14429221900271583,
        "totalOtherIncomeExpensesNet": -10136000000,
        "incomeBeforeTax": 4156000000,
        "incomeBeforeTaxRatio": 0.04195903037890337,
        "incomeTaxExpense": 3024000000,
        "netIncome": 1132000000,
        "netIncomeRatio": 0.011428686811578107,
        "eps": 0.535,
        "epsdiluted": 0.535,
        "weightedAverageShsOut": 2115887850,
        "weightedAverageShsOutDil": 2115887850,
        "link": "https://www.sec.gov/Archives/edgar/data/93410/000095014903000567/f87939e10vk.htm",
        "finalLink": "https://www.sec.gov/Archives/edgar/data/93410/000095014903000567/f87939e10vk.htm"
    },
    {
        "date": "2001-12-31",
        "symbol": "CVX",
        "reportedCurrency": "USD",
        "cik": "0000093410",
        "fillingDate": "2001-12-31",
        "acceptedDate": "2001-12-30 19:00:00",
        "calendarYear": "2001",
        "period": "FY",
        "revenue": 106245000000,
        "costOfRevenue": 69238000000,
        "grossProfit": 37007000000,
        "grossProfitRatio": 0.3483175678855476,
        "researchAndDevelopmentExpenses": 0,
        "generalAndAdministrativeExpenses": 0,
        "sellingAndMarketingExpenses": 0,
        "sellingGeneralAndAdministrativeExpenses": 3984000000,
        "otherExpenses": 15669000000,
        "operatingExpenses": 19653000000,
        "costAndExpenses": 88891000000,
        "interestIncome": 0,
        "interestExpense": 0,
        "depreciationAndAmortization": 7059000000,
        "ebitda": 14707000000,
        "ebitdaratio": 0.13842533766294884,
        "operatingIncome": 17354000000,
        "operatingIncomeRatio": 0.16333945126829497,
        "totalOtherIncomeExpensesNet": -9063000000,
        "incomeBeforeTax": 8291000000,
        "incomeBeforeTaxRatio": 0.07803661348769354,
        "incomeTaxExpense": 4360000000,
        "netIncome": 3288000000,
        "netIncomeRatio": 0.030947338698291683,
        "eps": 1.55,
        "epsdiluted": 1.545,
        "weightedAverageShsOut": 2117419355,
        "weightedAverageShsOutDil": 2124271845,
        "link": "",
        "finalLink": ""
    },
    {
        "date": "2000-12-31",
        "symbol": "CVX",
        "reportedCurrency": "USD",
        "cik": "0000093410",
        "fillingDate": "2001-03-28",
        "acceptedDate": "2001-03-28 00:00:00",
        "calendarYear": "2000",
        "period": "FY",
        "revenue": 119130000000,
        "costOfRevenue": 79086000000,
        "grossProfit": 40044000000,
        "grossProfitRatio": 0.3361369932007051,
        "researchAndDevelopmentExpenses": 0,
        "generalAndAdministrativeExpenses": 0,
        "sellingAndMarketingExpenses": 0,
        "sellingGeneralAndAdministrativeExpenses": 3626000000,
        "otherExpenses": 14547000000,
        "operatingExpenses": 18173000000,
        "costAndExpenses": 97259000000,
        "interestIncome": 0,
        "interestExpense": 0,
        "depreciationAndAmortization": 5321000000,
        "ebitda": 19370000000,
        "ebitdaratio": 0.16259548392512382,
        "operatingIncome": 21871000000,
        "operatingIncomeRatio": 0.18358935616553346,
        "totalOtherIncomeExpensesNet": -7822000000,
        "incomeBeforeTax": 14049000000,
        "incomeBeforeTaxRatio": 0.11792999244522791,
        "incomeTaxExpense": 6322000000,
        "netIncome": 7727000000,
        "netIncomeRatio": 0.06486191555443634,
        "eps": 3.99,
        "epsdiluted": 3.985,
        "weightedAverageShsOut": 1305282000,
        "weightedAverageShsOutDil": 1307654000,
        "link": "https://www.sec.gov/Archives/edgar/data/93410/000009341001000015/0000093410-01-000015-index.htm",
        "finalLink": "https://www.sec.gov/Archives/edgar/data/93410/000009341001000015/0000093410-01-000015-0001.txt"
    },
    {
        "date": "1999-12-31",
        "symbol": "CVX",
        "reportedCurrency": "USD",
        "cik": "0000093410",
        "fillingDate": "1999-12-31",
        "acceptedDate": "1999-12-30 19:00:00",
        "calendarYear": "1999",
        "period": "FY",
        "revenue": 85713000000,
        "costOfRevenue": 55101000000,
        "grossProfit": 30612000000,
        "grossProfitRatio": 0.3571453571803577,
        "researchAndDevelopmentExpenses": 0,
        "generalAndAdministrativeExpenses": 0,
        "sellingAndMarketingExpenses": 0,
        "sellingGeneralAndAdministrativeExpenses": 3222000000,
        "otherExpenses": 14346000000,
        "operatingExpenses": 17568000000,
        "costAndExpenses": 72669000000,
        "interestIncome": 0,
        "interestExpense": 0,
        "depreciationAndAmortization": 4934000000,
        "ebitda": 10746000000,
        "ebitdaratio": 0.12537188057820867,
        "operatingIncome": 13044000000,
        "operatingIncomeRatio": 0.152182282734241,
        "totalOtherIncomeExpensesNet": -7232000000,
        "incomeBeforeTax": 5812000000,
        "incomeBeforeTaxRatio": 0.0678076837819234,
        "incomeTaxExpense": 2565000000,
        "netIncome": 3247000000,
        "netIncomeRatio": 0.037882234900190166,
        "eps": 1.58,
        "epsdiluted": 1.57,
        "weightedAverageShsOut": 1313000000,
        "weightedAverageShsOutDil": 1319000000,
        "link": "",
        "finalLink": ""
    },
    {
        "date": "1998-12-31",
        "symbol": "CVX",
        "reportedCurrency": "USD",
        "cik": "0000093410",
        "fillingDate": "1998-12-31",
        "acceptedDate": "1998-12-30 19:00:00",
        "calendarYear": "1998",
        "period": "FY",
        "revenue": 30557000000,
        "costOfRevenue": 14036000000,
        "grossProfit": 16521000000,
        "grossProfitRatio": 0.5406617141735118,
        "researchAndDevelopmentExpenses": 478000000,
        "generalAndAdministrativeExpenses": 0,
        "sellingAndMarketingExpenses": 0,
        "sellingGeneralAndAdministrativeExpenses": 2239000000,
        "otherExpenses": 11565000000,
        "operatingExpenses": 14282000000,
        "costAndExpenses": 28318000000,
        "interestIncome": 0,
        "interestExpense": 0,
        "depreciationAndAmortization": 2320000000,
        "ebitda": 4154000000,
        "ebitdaratio": 0.13594266452858592,
        "operatingIncome": 2239000000,
        "operatingIncomeRatio": 0.07327289982655365,
        "totalOtherIncomeExpensesNet": -405000000,
        "incomeBeforeTax": 1834000000,
        "incomeBeforeTaxRatio": 0.060018980920901924,
        "incomeTaxExpense": 495000000,
        "netIncome": 1339000000,
        "netIncomeRatio": 0.04381974670288313,
        "eps": 1.025,
        "epsdiluted": 1.02,
        "weightedAverageShsOut": 1307333718,
        "weightedAverageShsOutDil": 1312745098,
        "link": "",
        "finalLink": ""
    },
    {
        "date": "1997-12-31",
        "symbol": "CVX",
        "reportedCurrency": "USD",
        "cik": "0000093410",
        "fillingDate": "1997-12-31",
        "acceptedDate": "1997-12-30 19:00:00",
        "calendarYear": "1997",
        "period": "FY",
        "revenue": 41950000000,
        "costOfRevenue": 20223000000,
        "grossProfit": 21727000000,
        "grossProfitRatio": 0.5179261025029798,
        "researchAndDevelopmentExpenses": 493000000,
        "generalAndAdministrativeExpenses": 0,
        "sellingAndMarketingExpenses": 0,
        "sellingGeneralAndAdministrativeExpenses": 1533000000,
        "otherExpenses": 13887000000,
        "operatingExpenses": 15913000000,
        "costAndExpenses": 36136000000,
        "interestIncome": 0,
        "interestExpense": 0,
        "depreciationAndAmortization": 2300000000,
        "ebitda": 7802000000,
        "ebitdaratio": 0.1859833134684148,
        "operatingIncome": 5814000000,
        "operatingIncomeRatio": 0.13859356376638857,
        "totalOtherIncomeExpensesNet": -312000000,
        "incomeBeforeTax": 5502000000,
        "incomeBeforeTaxRatio": 0.13115613825983313,
        "incomeTaxExpense": 2246000000,
        "netIncome": 3256000000,
        "netIncomeRatio": 0.07761620977353993,
        "eps": 2.485,
        "epsdiluted": 2.475,
        "weightedAverageShsOut": 1309981842,
        "weightedAverageShsOutDil": 1315555556,
        "link": "",
        "finalLink": ""
    },
    {
        "date": "1996-12-31",
        "symbol": "CVX",
        "reportedCurrency": "USD",
        "cik": "0000093410",
        "fillingDate": "1996-12-31",
        "acceptedDate": "1996-12-30 19:00:00",
        "calendarYear": "1996",
        "period": "FY",
        "revenue": 43893000000,
        "costOfRevenue": 22826000000,
        "grossProfit": 21067000000,
        "grossProfitRatio": 0.47996263641127285,
        "researchAndDevelopmentExpenses": 455000000,
        "generalAndAdministrativeExpenses": 0,
        "sellingAndMarketingExpenses": 0,
        "sellingGeneralAndAdministrativeExpenses": 1377000000,
        "otherExpenses": 14131000000,
        "operatingExpenses": 15963000000,
        "costAndExpenses": 38789000000,
        "interestIncome": 0,
        "interestExpense": 0,
        "depreciationAndAmortization": 2216000000,
        "ebitda": 6956000000,
        "ebitdaratio": 0.15847629462556673,
        "operatingIncome": 5104000000,
        "operatingIncomeRatio": 0.11628277857517144,
        "totalOtherIncomeExpensesNet": -364000000,
        "incomeBeforeTax": 4740000000,
        "incomeBeforeTaxRatio": 0.10798988449183242,
        "incomeTaxExpense": 2133000000,
        "netIncome": 2607000000,
        "netIncomeRatio": 0.05939443647050783,
        "eps": 1.995,
        "epsdiluted": 1.995,
        "weightedAverageShsOut": 1305538500,
        "weightedAverageShsOutDil": 1305538500,
        "link": "",
        "finalLink": ""
    },
    {
        "date": "1995-12-31",
        "symbol": "CVX",
        "reportedCurrency": "USD",
        "cik": "0000093410",
        "fillingDate": "1995-12-31",
        "acceptedDate": "1995-12-30 19:00:00",
        "calendarYear": "1995",
        "period": "FY",
        "revenue": 37082000000,
        "costOfRevenue": 18033000000,
        "grossProfit": 19049000000,
        "grossProfitRatio": 0.5136993689660752,
        "researchAndDevelopmentExpenses": 372000000,
        "generalAndAdministrativeExpenses": 0,
        "sellingAndMarketingExpenses": 0,
        "sellingGeneralAndAdministrativeExpenses": 1384000000,
        "otherExpenses": 15103000000,
        "operatingExpenses": 16859000000,
        "costAndExpenses": 34892000000,
        "interestIncome": 0,
        "interestExpense": 0,
        "depreciationAndAmortization": 3381000000,
        "ebitda": 5170000000,
        "ebitdaratio": 0.13942074321773368,
        "operatingIncome": 2190000000,
        "operatingIncomeRatio": 0.05905830321989105,
        "totalOtherIncomeExpensesNet": -401000000,
        "incomeBeforeTax": 1789000000,
        "incomeBeforeTaxRatio": 0.04824443126044981,
        "incomeTaxExpense": 859000000,
        "netIncome": 930000000,
        "netIncomeRatio": 0.025079553422145514,
        "eps": 0.715,
        "epsdiluted": 0.715,
        "weightedAverageShsOut": 1304167608,
        "weightedAverageShsOutDil": 1304167608,
        "link": "",
        "finalLink": ""
    },
    {
        "date": "1994-12-31",
        "symbol": "CVX",
        "reportedCurrency": "USD",
        "cik": "0000093410",
        "fillingDate": "1995-03-30",
        "acceptedDate": "1995-03-30 00:00:00",
        "calendarYear": "1994",
        "period": "FY",
        "revenue": 35414000000,
        "costOfRevenue": 16990000000,
        "grossProfit": 18424000000,
        "grossProfitRatio": 0.5202462303043994,
        "researchAndDevelopmentExpenses": 0,
        "generalAndAdministrativeExpenses": 0,
        "sellingAndMarketingExpenses": 0,
        "sellingGeneralAndAdministrativeExpenses": 963000000,
        "otherExpenses": 8369000000,
        "operatingExpenses": 9332000000,
        "costAndExpenses": 26322000000,
        "interestIncome": 0,
        "interestExpense": 346000000,
        "depreciationAndAmortization": 2431000000,
        "ebitda": 5580000000,
        "ebitdaratio": 0.15756480487942623,
        "operatingIncome": 9092000000,
        "operatingIncomeRatio": 0.25673462472468517,
        "totalOtherIncomeExpensesNet": -6289000000,
        "incomeBeforeTax": 2803000000,
        "incomeBeforeTaxRatio": 0.07914948890269385,
        "incomeTaxExpense": 1110000000,
        "netIncome": 1693000000,
        "netIncomeRatio": 0.047805952448184336,
        "eps": 1.3,
        "epsdiluted": 1.3,
        "weightedAverageShsOut": 1303344476,
        "weightedAverageShsOutDil": 1303344476,
        "link": "https://www.sec.gov/Archives/edgar/data/93410/000009341095000012/0000093410-95-000012-index.html",
        "finalLink": "https://www.sec.gov/Archives/edgar/data/93410/0000093410-95-000012.txt"
    },
    {
        "date": "1993-12-31",
        "symbol": "CVX",
        "reportedCurrency": "USD",
        "cik": "0000093410",
        "fillingDate": "1993-12-31",
        "acceptedDate": "1993-12-30 19:00:00",
        "calendarYear": "1993",
        "period": "FY",
        "revenue": 36642000000,
        "costOfRevenue": 18007000000,
        "grossProfit": 18635000000,
        "grossProfitRatio": 0.5085694012335571,
        "researchAndDevelopmentExpenses": 0,
        "generalAndAdministrativeExpenses": 0,
        "sellingAndMarketingExpenses": 0,
        "sellingGeneralAndAdministrativeExpenses": 1530000000,
        "otherExpenses": 7698000000,
        "operatingExpenses": 9228000000,
        "costAndExpenses": 27235000000,
        "interestIncome": 0,
        "interestExpense": 317000000,
        "depreciationAndAmortization": 2452000000,
        "ebitda": 5195000000,
        "ebitdaratio": 0.1417771955679275,
        "operatingIncome": 9407000000,
        "operatingIncomeRatio": 0.25672725287920967,
        "totalOtherIncomeExpensesNet": -6981000000,
        "incomeBeforeTax": 2426000000,
        "incomeBeforeTaxRatio": 0.06620817640958462,
        "incomeTaxExpense": 1161000000,
        "netIncome": 1265000000,
        "netIncomeRatio": 0.03452322471480814,
        "eps": 0.97,
        "epsdiluted": 0.97,
        "weightedAverageShsOut": 1301915504,
        "weightedAverageShsOutDil": 1301915504,
        "link": "",
        "finalLink": ""
    },
    {
        "date": "1992-12-31",
        "symbol": "CVX",
        "reportedCurrency": "USD",
        "cik": "0000093410",
        "fillingDate": "1992-12-31",
        "acceptedDate": "1992-12-30 19:00:00",
        "calendarYear": "1992",
        "period": "FY",
        "revenue": 39271000000,
        "costOfRevenue": 19872000000,
        "grossProfit": 19399000000,
        "grossProfitRatio": 0.49397774439153574,
        "researchAndDevelopmentExpenses": 0,
        "generalAndAdministrativeExpenses": 0,
        "sellingAndMarketingExpenses": 0,
        "sellingGeneralAndAdministrativeExpenses": 1761000000,
        "otherExpenses": 8000000000,
        "operatingExpenses": 9761000000,
        "costAndExpenses": 29633000000,
        "interestIncome": 0,
        "interestExpense": 436000000,
        "depreciationAndAmortization": 2594000000,
        "ebitda": 5852000000,
        "ebitdaratio": 0.14901581319548776,
        "operatingIncome": 9638000000,
        "operatingIncomeRatio": 0.24542283109673804,
        "totalOtherIncomeExpensesNet": -6816000000,
        "incomeBeforeTax": 2822000000,
        "incomeBeforeTaxRatio": 0.07185964197499427,
        "incomeTaxExpense": 1253000000,
        "netIncome": 1569000000,
        "netIncomeRatio": 0.03995314608744366,
        "eps": 1.155,
        "epsdiluted": 1.155,
        "weightedAverageShsOut": 1355909656,
        "weightedAverageShsOutDil": 1355909656,
        "link": "",
        "finalLink": ""
    }
]