[
    {
        "date": "2022-01-02",
        "symbol": "DPZ",
        "reportedCurrency": "USD",
        "cik": "0001286681",
        "fillingDate": "2022-03-01",
        "acceptedDate": "2022-03-01 08:36:11",
        "calendarYear": "2021",
        "period": "FY",
        "revenue": 4357373000,
        "costOfRevenue": 2669131000,
        "grossProfit": 1688242000,
        "grossProfitRatio": 0.38744491233594186,
        "researchAndDevelopmentExpenses": 0,
        "generalAndAdministrativeExpenses": 428333000,
        "sellingAndMarketingExpenses": 479501000,
        "sellingGeneralAndAdministrativeExpenses": 907834000,
        "otherExpenses": 0,
        "operatingExpenses": 907834000,
        "costAndExpenses": 3576965000,
        "interestIncome": 345000,
        "interestExpense": 191806000,
        "depreciationAndAmortization": 72923000,
        "ebitda": 890434000,
        "ebitdaratio": 0.20435110788082636,
        "operatingIncome": 780408000,
        "operatingIncomeRatio": 0.17910057275335392,
        "totalOtherIncomeExpensesNet": -154703000,
        "incomeBeforeTax": 625705000,
        "incomeBeforeTaxRatio": 0.14359684149142155,
        "incomeTaxExpense": 115238000,
        "netIncome": 510467000,
        "netIncomeRatio": 0.11715017282201914,
        "eps": 14.039114,
        "epsdiluted": 13.54,
        "weightedAverageShsOut": 36138273,
        "weightedAverageShsOutDil": 37691351,
        "link": "https://www.sec.gov/Archives/edgar/data/1286681/000095017022002426/0000950170-22-002426-index.htm",
        "finalLink": "https://www.sec.gov/Archives/edgar/data/1286681/000095017022002426/dpz-20220102.htm"
    },
    {
        "date": "2021-01-03",
        "symbol": "DPZ",
        "reportedCurrency": "USD",
        "cik": "0001286681",
        "fillingDate": "2021-02-25",
        "acceptedDate": "2021-02-25 07:36:32",
        "calendarYear": "2020",
        "period": "FY",
        "revenue": 4117411000,
        "costOfRevenue": 2522918000,
        "grossProfit": 1594493000,
        "grossProfitRatio": 0.3872562151313046,
        "researchAndDevelopmentExpenses": 0,
        "generalAndAdministrativeExpenses": 406613000,
        "sellingAndMarketingExpenses": 462238000,
        "sellingGeneralAndAdministrativeExpenses": 868851000,
        "otherExpenses": 0,
        "operatingExpenses": 868851000,
        "costAndExpenses": 3391769000,
        "interestIncome": 1654000,
        "interestExpense": 172166000,
        "depreciationAndAmortization": 65038000,
        "ebitda": 792334000,
        "ebitdaratio": 0.1924350034524122,
        "operatingIncome": 725642000,
        "operatingIncomeRatio": 0.17623744629817134,
        "totalOtherIncomeExpensesNet": -170512000,
        "incomeBeforeTax": 555130000,
        "incomeBeforeTaxRatio": 0.13482501503979077,
        "incomeTaxExpense": 63834000,
        "netIncome": 491296000,
        "netIncomeRatio": 0.11932158339305937,
        "eps": 12.469471,
        "epsdiluted": 12.39,
        "weightedAverageShsOut": 38868350,
        "weightedAverageShsOutDil": 39640791,
        "link": "https://www.sec.gov/Archives/edgar/data/1286681/000119312521055734/0001193125-21-055734-index.htm",
        "finalLink": "https://www.sec.gov/Archives/edgar/data/1286681/000119312521055734/d326373d10k.htm"
    },
    {
        "date": "2019-12-29",
        "symbol": "DPZ",
        "reportedCurrency": "USD",
        "cik": "0001286681",
        "fillingDate": "2020-02-20",
        "acceptedDate": "2020-02-20 07:38:05",
        "calendarYear": "2019",
        "period": "FY",
        "revenue": 3618774000,
        "costOfRevenue": 2216275000,
        "grossProfit": 1402499000,
        "grossProfitRatio": 0.38756192014201496,
        "researchAndDevelopmentExpenses": 0,
        "generalAndAdministrativeExpenses": 382293000,
        "sellingAndMarketingExpenses": 390799000,
        "sellingGeneralAndAdministrativeExpenses": 773092000,
        "otherExpenses": 0,
        "operatingExpenses": 773092000,
        "costAndExpenses": 2989367000,
        "interestIncome": 4048000,
        "interestExpense": 150818000,
        "depreciationAndAmortization": 59930000,
        "ebitda": 693385000,
        "ebitdaratio": 0.19160771023556597,
        "operatingIncome": 629407000,
        "operatingIncomeRatio": 0.17392824199576984,
        "totalOtherIncomeExpensesNet": -146770000,
        "incomeBeforeTax": 482637000,
        "incomeBeforeTaxRatio": 0.13337030718138243,
        "incomeTaxExpense": 81928000,
        "netIncome": 400709000,
        "netIncomeRatio": 0.11073059550002294,
        "eps": 10.292005,
        "epsdiluted": 9.56,
        "weightedAverageShsOut": 38934009,
        "weightedAverageShsOutDil": 41923062,
        "link": "https://www.sec.gov/Archives/edgar/data/1286681/000119312520042675/0001193125-20-042675-index.htm",
        "finalLink": "https://www.sec.gov/Archives/edgar/data/1286681/000119312520042675/d796357d10k.htm"
    },
    {
        "date": "2018-12-30",
        "symbol": "DPZ",
        "reportedCurrency": "USD",
        "cik": "0001286681",
        "fillingDate": "2019-02-21",
        "acceptedDate": "2019-02-21 07:37:41",
        "calendarYear": "2018",
        "period": "FY",
        "revenue": 3432867000,
        "costOfRevenue": 2130188000,
        "grossProfit": 1302679000,
        "grossProfitRatio": 0.3794726099205125,
        "researchAndDevelopmentExpenses": 0,
        "generalAndAdministrativeExpenses": 372464000,
        "sellingAndMarketingExpenses": 358526000,
        "sellingGeneralAndAdministrativeExpenses": 730990000,
        "otherExpenses": 0,
        "operatingExpenses": 730990000,
        "costAndExpenses": 2861178000,
        "interestIncome": 3334000,
        "interestExpense": 146345000,
        "depreciationAndAmortization": 53665000,
        "ebitda": 628688000,
        "ebitdaratio": 0.1831378844563451,
        "operatingIncome": 571689000,
        "operatingIncomeRatio": 0.1665339787413844,
        "totalOtherIncomeExpensesNet": -143011000,
        "incomeBeforeTax": 428678000,
        "incomeBeforeTaxRatio": 0.12487463102998164,
        "incomeTaxExpense": 66706000,
        "netIncome": 361972000,
        "netIncomeRatio": 0.10544305969325349,
        "eps": 8.83342,
        "epsdiluted": 8.35,
        "weightedAverageShsOut": 40977561,
        "weightedAverageShsOutDil": 43349940,
        "link": "https://www.sec.gov/Archives/edgar/data/1286681/000119312519046191/0001193125-19-046191-index.htm",
        "finalLink": "https://www.sec.gov/Archives/edgar/data/1286681/000119312519046191/d696297d10k.htm"
    },
    {
        "date": "2017-12-31",
        "symbol": "DPZ",
        "reportedCurrency": "USD",
        "cik": "0001286681",
        "fillingDate": "2018-02-20",
        "acceptedDate": "2018-02-20 07:40:21",
        "calendarYear": "2017",
        "period": "FY",
        "revenue": 2787979000,
        "costOfRevenue": 1921988000,
        "grossProfit": 865991000,
        "grossProfitRatio": 0.3106160412255616,
        "researchAndDevelopmentExpenses": 0,
        "generalAndAdministrativeExpenses": 344759000,
        "sellingAndMarketingExpenses": 0,
        "sellingGeneralAndAdministrativeExpenses": 344759000,
        "otherExpenses": 0,
        "operatingExpenses": 344759000,
        "costAndExpenses": 2266747000,
        "interestIncome": 1462000,
        "interestExpense": 122541000,
        "depreciationAndAmortization": 44369000,
        "ebitda": 567063000,
        "ebitdaratio": 0.20339572141683995,
        "operatingIncome": 521232000,
        "operatingIncomeRatio": 0.186956931885068,
        "totalOtherIncomeExpensesNet": -121079000,
        "incomeBeforeTax": 400153000,
        "incomeBeforeTaxRatio": 0.14352798209742612,
        "incomeTaxExpense": 122248000,
        "netIncome": 277905000,
        "netIncomeRatio": 0.09967973216441013,
        "eps": 6.478224,
        "epsdiluted": 5.83,
        "weightedAverageShsOut": 42898329,
        "weightedAverageShsOutDil": 47677834,
        "link": "https://www.sec.gov/Archives/edgar/data/1286681/000119312518049576/0001193125-18-049576-index.htm",
        "finalLink": "https://www.sec.gov/Archives/edgar/data/1286681/000119312518049576/d531906d10k.htm"
    },
    {
        "date": "2017-01-01",
        "symbol": "DPZ",
        "reportedCurrency": "USD",
        "cik": "0001286681",
        "fillingDate": "2017-02-28",
        "acceptedDate": "2017-02-28 07:35:48",
        "calendarYear": "2016",
        "period": "FY",
        "revenue": 2472628000,
        "costOfRevenue": 1704937000,
        "grossProfit": 767691000,
        "grossProfitRatio": 0.31047573674649,
        "researchAndDevelopmentExpenses": 0,
        "generalAndAdministrativeExpenses": 313649000,
        "sellingAndMarketingExpenses": 0,
        "sellingGeneralAndAdministrativeExpenses": 313649000,
        "otherExpenses": 0,
        "operatingExpenses": 313649000,
        "costAndExpenses": 2018586000,
        "interestIncome": 685000,
        "interestExpense": 110069000,
        "depreciationAndAmortization": 38140000,
        "ebitda": 492867000,
        "ebitdaratio": 0.19932921571704276,
        "operatingIncome": 454042000,
        "operatingIncomeRatio": 0.1836272985665454,
        "totalOtherIncomeExpensesNet": -109384000,
        "incomeBeforeTax": 344658000,
        "incomeBeforeTaxRatio": 0.13938934607227613,
        "incomeTaxExpense": 129980000,
        "netIncome": 214678000,
        "netIncomeRatio": 0.08682179446321889,
        "eps": 4.454512,
        "epsdiluted": 4.3,
        "weightedAverageShsOut": 48100143,
        "weightedAverageShsOutDil": 49923859,
        "link": "https://www.sec.gov/Archives/edgar/data/1286681/000119312517060262/0001193125-17-060262-index.htm",
        "finalLink": "https://www.sec.gov/Archives/edgar/data/1286681/000119312517060262/d350071d10k.htm"
    },
    {
        "date": "2016-01-03",
        "symbol": "DPZ",
        "reportedCurrency": "USD",
        "cik": "0001286681",
        "fillingDate": "2016-02-25",
        "acceptedDate": "2016-02-25 07:36:28",
        "calendarYear": "2015",
        "period": "FY",
        "revenue": 2216528000,
        "costOfRevenue": 1533397000,
        "grossProfit": 683131000,
        "grossProfitRatio": 0.30819867829325864,
        "researchAndDevelopmentExpenses": 0,
        "generalAndAdministrativeExpenses": 277692000,
        "sellingAndMarketingExpenses": 0,
        "sellingGeneralAndAdministrativeExpenses": 277692000,
        "otherExpenses": 0,
        "operatingExpenses": 277692000,
        "costAndExpenses": 1811089000,
        "interestIncome": 313000,
        "interestExpense": 99537000,
        "depreciationAndAmortization": 32434000,
        "ebitda": 438186000,
        "ebitdaratio": 0.19769026152613456,
        "operatingIncome": 405439000,
        "operatingIncomeRatio": 0.18291625461081476,
        "totalOtherIncomeExpensesNet": -99224000,
        "incomeBeforeTax": 306215000,
        "incomeBeforeTaxRatio": 0.1381507474753308,
        "incomeTaxExpense": 113426000,
        "netIncome": 192789000,
        "netIncomeRatio": 0.08697792222791681,
        "eps": 3.527882,
        "epsdiluted": 3.47,
        "weightedAverageShsOut": 49838221,
        "weightedAverageShsOutDil": 55532955,
        "link": "https://www.sec.gov/Archives/edgar/data/1286681/000119312516476935/0001193125-16-476935-index.htm",
        "finalLink": "https://www.sec.gov/Archives/edgar/data/1286681/000119312516476935/d128680d10k.htm"
    },
    {
        "date": "2014-12-28",
        "symbol": "DPZ",
        "reportedCurrency": "USD",
        "cik": "0001286681",
        "fillingDate": "2015-02-24",
        "acceptedDate": "2015-02-24 07:42:32",
        "calendarYear": "2014",
        "period": "FY",
        "revenue": 1993833000,
        "costOfRevenue": 1399067000,
        "grossProfit": 594766000,
        "grossProfitRatio": 0.2983028167354036,
        "researchAndDevelopmentExpenses": 0,
        "generalAndAdministrativeExpenses": 249405000,
        "sellingAndMarketingExpenses": 0,
        "sellingGeneralAndAdministrativeExpenses": 249405000,
        "otherExpenses": 0,
        "operatingExpenses": 249405000,
        "costAndExpenses": 1648472000,
        "interestIncome": 143000,
        "interestExpense": 86881000,
        "depreciationAndAmortization": 35788000,
        "ebitda": 381292000,
        "ebitdaratio": 0.19123567520449306,
        "operatingIncome": 345361000,
        "operatingIncomeRatio": 0.17321460724142895,
        "totalOtherIncomeExpensesNet": -86738000,
        "incomeBeforeTax": 258623000,
        "incomeBeforeTaxRatio": 0.1297114653032626,
        "incomeTaxExpense": 96036000,
        "netIncome": 162587000,
        "netIncomeRatio": 0.0815449438343131,
        "eps": 2.926693,
        "epsdiluted": 2.86,
        "weightedAverageShsOut": 55553149,
        "weightedAverageShsOutDil": 56931226,
        "link": "https://www.sec.gov/Archives/edgar/data/1286681/000119312515059100/0001193125-15-059100-index.htm",
        "finalLink": "https://www.sec.gov/Archives/edgar/data/1286681/000119312515059100/d866504d10k.htm"
    },
    {
        "date": "2013-12-29",
        "symbol": "DPZ",
        "reportedCurrency": "USD",
        "cik": "0001286681",
        "fillingDate": "2014-02-25",
        "acceptedDate": "2014-02-25 07:40:29",
        "calendarYear": "2013",
        "period": "FY",
        "revenue": 1802223000,
        "costOfRevenue": 1253249000,
        "grossProfit": 548974000,
        "grossProfitRatio": 0.3046093629922601,
        "researchAndDevelopmentExpenses": 0,
        "generalAndAdministrativeExpenses": 235163000,
        "sellingAndMarketingExpenses": 0,
        "sellingGeneralAndAdministrativeExpenses": 235163000,
        "otherExpenses": 0,
        "operatingExpenses": 235163000,
        "costAndExpenses": 1488412000,
        "interestIncome": 160000,
        "interestExpense": 88872000,
        "depreciationAndAmortization": 25783000,
        "ebitda": 339754000,
        "ebitdaratio": 0.1885194007622808,
        "operatingIncome": 313811000,
        "operatingIncomeRatio": 0.17412440080944477,
        "totalOtherIncomeExpensesNet": -88712000,
        "incomeBeforeTax": 225099000,
        "incomeBeforeTaxRatio": 0.12490074757674273,
        "incomeTaxExpense": 82114000,
        "netIncome": 142985000,
        "netIncomeRatio": 0.07933812852238596,
        "eps": 2.563895,
        "epsdiluted": 2.48,
        "weightedAverageShsOut": 55768672,
        "weightedAverageShsOutDil": 57720998,
        "link": "https://www.sec.gov/Archives/edgar/data/1286681/000119312514066092/0001193125-14-066092-index.htm",
        "finalLink": "https://www.sec.gov/Archives/edgar/data/1286681/000119312514066092/d661353d10k.htm"
    },
    {
        "date": "2012-12-30",
        "symbol": "DPZ",
        "reportedCurrency": "USD",
        "cik": "0001286681",
        "fillingDate": "2013-02-28",
        "acceptedDate": "2013-02-28 07:34:27",
        "calendarYear": "2012",
        "period": "FY",
        "revenue": 1678439000,
        "costOfRevenue": 1177101000,
        "grossProfit": 501338000,
        "grossProfitRatio": 0.298693011780589,
        "researchAndDevelopmentExpenses": 0,
        "generalAndAdministrativeExpenses": 219007000,
        "sellingAndMarketingExpenses": 0,
        "sellingGeneralAndAdministrativeExpenses": 219007000,
        "otherExpenses": 0,
        "operatingExpenses": 219007000,
        "costAndExpenses": 1396108000,
        "interestIncome": 304000,
        "interestExpense": 101448000,
        "depreciationAndAmortization": 23171000,
        "ebitda": 305806000,
        "ebitdaratio": 0.18219667202680587,
        "operatingIncome": 282331000,
        "operatingIncomeRatio": 0.16821046222114716,
        "totalOtherIncomeExpensesNet": -101144000,
        "incomeBeforeTax": 181187000,
        "incomeBeforeTaxRatio": 0.10794970803228476,
        "incomeTaxExpense": 68795000,
        "netIncome": 112392000,
        "netIncomeRatio": 0.06696221906187833,
        "eps": 1.99,
        "epsdiluted": 1.91,
        "weightedAverageShsOut": 56419645,
        "weightedAverageShsOutDil": 58997476,
        "link": "https://www.sec.gov/Archives/edgar/data/1286681/000119312513081957/0001193125-13-081957-index.htm",
        "finalLink": "https://www.sec.gov/Archives/edgar/data/1286681/000119312513081957/d466015d10k.htm"
    },
    {
        "date": "2012-01-01",
        "symbol": "DPZ",
        "reportedCurrency": "USD",
        "cik": "0001286681",
        "fillingDate": "2012-02-28",
        "acceptedDate": "2012-02-28 07:33:16",
        "calendarYear": "2011",
        "period": "FY",
        "revenue": 1652193000,
        "costOfRevenue": 1181677000,
        "grossProfit": 470516000,
        "grossProfitRatio": 0.2847827100102712,
        "researchAndDevelopmentExpenses": 0,
        "generalAndAdministrativeExpenses": 0,
        "sellingAndMarketingExpenses": 0,
        "sellingGeneralAndAdministrativeExpenses": 0,
        "otherExpenses": 211371000,
        "operatingExpenses": 211371000,
        "costAndExpenses": 1393048000,
        "interestIncome": 296000,
        "interestExpense": 91635000,
        "depreciationAndAmortization": 24042000,
        "ebitda": 283483000,
        "ebitdaratio": 0.17157983359086984,
        "operatingIncome": 259145000,
        "operatingIncomeRatio": 0.15684910903266144,
        "totalOtherIncomeExpensesNet": -91339000,
        "incomeBeforeTax": 167806000,
        "incomeBeforeTaxRatio": 0.10156561612354005,
        "incomeTaxExpense": 62445000,
        "netIncome": 105361000,
        "netIncomeRatio": 0.06377039486306987,
        "eps": 1.79,
        "epsdiluted": 1.71,
        "weightedAverageShsOut": 58918038,
        "weightedAverageShsOutDil": 61653519,
        "link": "https://www.sec.gov/Archives/edgar/data/1286681/000119312512083193/0001193125-12-083193-index.htm",
        "finalLink": "https://www.sec.gov/Archives/edgar/data/1286681/000119312512083193/d256751d10k.htm"
    },
    {
        "date": "2011-01-02",
        "symbol": "DPZ",
        "reportedCurrency": "USD",
        "cik": "0001286681",
        "fillingDate": "2011-03-01",
        "acceptedDate": "2011-03-01 07:36:45",
        "calendarYear": "2010",
        "period": "FY",
        "revenue": 1570894000,
        "costOfRevenue": 1132305000,
        "grossProfit": 438589000,
        "grossProfitRatio": 0.279197068675544,
        "researchAndDevelopmentExpenses": 0,
        "generalAndAdministrativeExpenses": 0,
        "sellingAndMarketingExpenses": 0,
        "sellingGeneralAndAdministrativeExpenses": 0,
        "otherExpenses": 210887000,
        "operatingExpenses": 210887000,
        "costAndExpenses": 1343192000,
        "interestIncome": 244000,
        "interestExpense": 96810000,
        "depreciationAndAmortization": 24052000,
        "ebitda": 259807000,
        "ebitdaratio": 0.16538798925961903,
        "operatingIncome": 227702000,
        "operatingIncomeRatio": 0.1449505822798992,
        "totalOtherIncomeExpensesNet": -88757000,
        "incomeBeforeTax": 138945000,
        "incomeBeforeTaxRatio": 0.08844963441199724,
        "incomeTaxExpense": 51028000,
        "netIncome": 87917000,
        "netIncomeRatio": 0.05596622050883128,
        "eps": 1.5,
        "epsdiluted": 1.45,
        "weightedAverageShsOut": 58467769,
        "weightedAverageShsOutDil": 60815898,
        "link": "https://www.sec.gov/Archives/edgar/data/1286681/000119312511050979/0001193125-11-050979-index.htm",
        "finalLink": "https://www.sec.gov/Archives/edgar/data/1286681/000119312511050979/d10k.htm"
    },
    {
        "date": "2010-01-03",
        "symbol": "DPZ",
        "reportedCurrency": "USD",
        "cik": "0001286681",
        "fillingDate": "2010-03-02",
        "acceptedDate": "2010-03-02 07:33:53",
        "calendarYear": "2009",
        "period": "FY",
        "revenue": 1404057000,
        "costOfRevenue": 1017081000,
        "grossProfit": 386976000,
        "grossProfitRatio": 0.27561274221773047,
        "researchAndDevelopmentExpenses": 0,
        "generalAndAdministrativeExpenses": 0,
        "sellingAndMarketingExpenses": 0,
        "sellingGeneralAndAdministrativeExpenses": 0,
        "otherExpenses": 197467000,
        "operatingExpenses": 197467000,
        "costAndExpenses": 1214548000,
        "interestIncome": 683000,
        "interestExpense": 110945000,
        "depreciationAndAmortization": 24064000,
        "ebitda": 270531000,
        "ebitdaratio": 0.19267807503541523,
        "operatingIncome": 189509000,
        "operatingIncomeRatio": 0.1349724405775549,
        "totalOtherIncomeExpensesNet": -53987000,
        "incomeBeforeTax": 135522000,
        "incomeBeforeTaxRatio": 0.09652172240870563,
        "incomeTaxExpense": 55778000,
        "netIncome": 79744000,
        "netIncomeRatio": 0.05679541500095794,
        "eps": 1.364683,
        "epsdiluted": 1.364683,
        "weightedAverageShsOut": 57276668,
        "weightedAverageShsOutDil": 57827697,
        "link": "https://www.sec.gov/Archives/edgar/data/1286681/000119312510045334/0001193125-10-045334-index.htm",
        "finalLink": "https://www.sec.gov/Archives/edgar/data/1286681/000119312510045334/d10k.htm"
    },
    {
        "date": "2008-12-28",
        "symbol": "DPZ",
        "reportedCurrency": "USD",
        "cik": "0001286681",
        "fillingDate": "2009-02-24",
        "acceptedDate": "2009-02-24 07:33:09",
        "calendarYear": "2008",
        "period": "FY",
        "revenue": 1425114000,
        "costOfRevenue": 1061853000,
        "grossProfit": 363261000,
        "grossProfitRatio": 0.25489960803135747,
        "researchAndDevelopmentExpenses": 0,
        "generalAndAdministrativeExpenses": 0,
        "sellingAndMarketingExpenses": 0,
        "sellingGeneralAndAdministrativeExpenses": 0,
        "otherExpenses": 168231000,
        "operatingExpenses": 168231000,
        "costAndExpenses": 1230084000,
        "interestIncome": 2746000,
        "interestExpense": 114906000,
        "depreciationAndAmortization": 28377000,
        "ebitda": 226153000,
        "ebitdaratio": 0.15869116435597433,
        "operatingIncome": 195030000,
        "operatingIncomeRatio": 0.13685220971795942,
        "totalOtherIncomeExpensesNet": -112160000,
        "incomeBeforeTax": 82870000,
        "incomeBeforeTaxRatio": 0.058149733986193386,
        "incomeTaxExpense": 28899000,
        "netIncome": 53971000,
        "netIncomeRatio": 0.03787135625641177,
        "eps": 0.93,
        "epsdiluted": 0.93,
        "weightedAverageShsOut": 57755519,
        "weightedAverageShsOutDil": 58339535,
        "link": "https://www.sec.gov/Archives/edgar/data/1286681/000119312509035628/0001193125-09-035628-index.htm",
        "finalLink": "https://www.sec.gov/Archives/edgar/data/1286681/000119312509035628/d10k.htm"
    },
    {
        "date": "2007-12-30",
        "symbol": "DPZ",
        "reportedCurrency": "USD",
        "cik": "0001286681",
        "fillingDate": "2008-02-26",
        "acceptedDate": "2008-02-26 07:33:42",
        "calendarYear": "2007",
        "period": "FY",
        "revenue": 1462870000,
        "costOfRevenue": 1084016000,
        "grossProfit": 378854000,
        "grossProfitRatio": 0.25897995037152993,
        "researchAndDevelopmentExpenses": 0,
        "generalAndAdministrativeExpenses": 0,
        "sellingAndMarketingExpenses": 0,
        "sellingGeneralAndAdministrativeExpenses": 0,
        "otherExpenses": 184944000,
        "operatingExpenses": 184944000,
        "costAndExpenses": 1268960000,
        "interestIncome": 0,
        "interestExpense": 0,
        "depreciationAndAmortization": 69788000,
        "ebitda": 125347000,
        "ebitdaratio": 0.08568567268451742,
        "operatingIncome": 193910000,
        "operatingIncomeRatio": 0.13255449903272334,
        "totalOtherIncomeExpensesNet": -138351000,
        "incomeBeforeTax": 55559000,
        "incomeBeforeTaxRatio": 0.03797945135247835,
        "incomeTaxExpense": 17677000,
        "netIncome": 37882000,
        "netIncomeRatio": 0.025895670838830518,
        "eps": 0.61,
        "epsdiluted": 0.59,
        "weightedAverageShsOut": 62101639,
        "weightedAverageShsOutDil": 64206780,
        "link": "https://www.sec.gov/Archives/edgar/data/1286681/000119312508037999/0001193125-08-037999-index.htm",
        "finalLink": "https://www.sec.gov/Archives/edgar/data/1286681/000119312508037999/d10k.htm"
    },
    {
        "date": "2006-12-31",
        "symbol": "DPZ",
        "reportedCurrency": "USD",
        "cik": "0001286681",
        "fillingDate": "2007-02-23",
        "acceptedDate": "2007-02-23 07:37:25",
        "calendarYear": "2006",
        "period": "FY",
        "revenue": 1437319000,
        "costOfRevenue": 1052788000,
        "grossProfit": 384531000,
        "grossProfitRatio": 0.26753351204569065,
        "researchAndDevelopmentExpenses": 0,
        "generalAndAdministrativeExpenses": 0,
        "sellingAndMarketingExpenses": 0,
        "sellingGeneralAndAdministrativeExpenses": 0,
        "otherExpenses": 170334000,
        "operatingExpenses": 170334000,
        "costAndExpenses": 1223122000,
        "interestIncome": 0,
        "interestExpense": 0,
        "depreciationAndAmortization": 35646000,
        "ebitda": 196071000,
        "ebitdaratio": 0.13641439374279474,
        "operatingIncome": 214197000,
        "operatingIncomeRatio": 0.14902537293391377,
        "totalOtherIncomeExpensesNet": -53772000,
        "incomeBeforeTax": 160425000,
        "incomeBeforeTaxRatio": 0.11161405366519193,
        "incomeTaxExpense": 54198000,
        "netIncome": 106227000,
        "netIncomeRatio": 0.0739063492516275,
        "eps": 1.68,
        "epsdiluted": 1.65,
        "weightedAverageShsOut": 63230357,
        "weightedAverageShsOutDil": 64380000,
        "link": "https://www.sec.gov/Archives/edgar/data/1286681/000119312507037666/0001193125-07-037666-index.htm",
        "finalLink": "https://www.sec.gov/Archives/edgar/data/1286681/000119312507037666/d10k.htm"
    },
    {
        "date": "2006-01-01",
        "symbol": "DPZ",
        "reportedCurrency": "USD",
        "cik": "0001286681",
        "fillingDate": "2006-03-03",
        "acceptedDate": "2006-03-03 17:23:24",
        "calendarYear": "2005",
        "period": "FY",
        "revenue": 1511597000,
        "costOfRevenue": 1126309000,
        "grossProfit": 385288000,
        "grossProfitRatio": 0.25488804224935613,
        "researchAndDevelopmentExpenses": 0,
        "generalAndAdministrativeExpenses": 0,
        "sellingAndMarketingExpenses": 0,
        "sellingGeneralAndAdministrativeExpenses": 0,
        "otherExpenses": 186184000,
        "operatingExpenses": 186184000,
        "costAndExpenses": 1312493000,
        "interestIncome": 0,
        "interestExpense": 0,
        "depreciationAndAmortization": 35435000,
        "ebitda": 208686000,
        "ebitdaratio": 0.1380566381118777,
        "operatingIncome": 199104000,
        "operatingIncomeRatio": 0.13171764696542795,
        "totalOtherIncomeExpensesNet": -25853000,
        "incomeBeforeTax": 173251000,
        "incomeBeforeTaxRatio": 0.1146145434265879,
        "incomeTaxExpense": 64969000,
        "netIncome": 108282000,
        "netIncomeRatio": 0.0716341723356159,
        "eps": 1.62,
        "epsdiluted": 1.58,
        "weightedAverageShsOut": 66840741,
        "weightedAverageShsOutDil": 68532911,
        "link": "https://www.sec.gov/Archives/edgar/data/1286681/000119312506045179/0001193125-06-045179-index.htm",
        "finalLink": "https://www.sec.gov/Archives/edgar/data/1286681/000119312506045179/d10k.htm"
    },
    {
        "date": "2005-01-02",
        "symbol": "DPZ",
        "reportedCurrency": "USD",
        "cik": "0001286681",
        "fillingDate": "2005-03-17",
        "acceptedDate": "2005-03-17 07:32:39",
        "calendarYear": "2004",
        "period": "FY",
        "revenue": 1446497000,
        "costOfRevenue": 1092816000,
        "grossProfit": 353681000,
        "grossProfitRatio": 0.2445086301596201,
        "researchAndDevelopmentExpenses": 0,
        "generalAndAdministrativeExpenses": 0,
        "sellingAndMarketingExpenses": 0,
        "sellingGeneralAndAdministrativeExpenses": 0,
        "otherExpenses": 182302000,
        "operatingExpenses": 182302000,
        "costAndExpenses": 1275118000,
        "interestIncome": 0,
        "interestExpense": 0,
        "depreciationAndAmortization": 39513000,
        "ebitda": 139573000,
        "ebitdaratio": 0.09649034875288369,
        "operatingIncome": 171379000,
        "operatingIncomeRatio": 0.11847864184993125,
        "totalOtherIncomeExpensesNet": -71319000,
        "incomeBeforeTax": 100060000,
        "incomeBeforeTaxRatio": 0.06917401142207692,
        "incomeTaxExpense": 37773000,
        "netIncome": 62287000,
        "netIncomeRatio": 0.04306058014638122,
        "eps": 0.85,
        "epsdiluted": 0.81,
        "weightedAverageShsOut": 73278824,
        "weightedAverageShsOutDil": 76897531,
        "link": "https://www.sec.gov/Archives/edgar/data/1286681/000119312505053437/0001193125-05-053437-index.htm",
        "finalLink": "https://www.sec.gov/Archives/edgar/data/1286681/000119312505053437/d10k.htm"
    },
    {
        "date": "2003-12-31",
        "symbol": "DPZ",
        "reportedCurrency": "USD",
        "cik": "0001286681",
        "fillingDate": "2003-12-31",
        "acceptedDate": "2003-12-30 19:00:00",
        "calendarYear": "2003",
        "period": "FY",
        "revenue": 1333322000,
        "costOfRevenue": 992096000,
        "grossProfit": 341226000,
        "grossProfitRatio": 0.2559216753342403,
        "researchAndDevelopmentExpenses": 0,
        "generalAndAdministrativeExpenses": 0,
        "sellingAndMarketingExpenses": 0,
        "sellingGeneralAndAdministrativeExpenses": 0,
        "otherExpenses": 181753000,
        "operatingExpenses": 181753000,
        "costAndExpenses": 1173849000,
        "interestIncome": 0,
        "interestExpense": 0,
        "depreciationAndAmortization": 29822000,
        "ebitda": 92257000,
        "ebitdaratio": 0.06919333814337422,
        "operatingIncome": 159473000,
        "operatingIncomeRatio": 0.11960576664901652,
        "totalOtherIncomeExpensesNet": -97038000,
        "incomeBeforeTax": 62435000,
        "incomeBeforeTaxRatio": 0.046826648026508225,
        "incomeTaxExpense": 23398000,
        "netIncome": 39037000,
        "netIncomeRatio": 0.029277998862990335,
        "eps": 12.284369770323792,
        "epsdiluted": 12.284369770323792,
        "weightedAverageShsOut": 3177778,
        "weightedAverageShsOutDil": 3177778,
        "link": "",
        "finalLink": ""
    },
    {
        "date": "2002-12-31",
        "symbol": "DPZ",
        "reportedCurrency": "USD",
        "cik": "0001286681",
        "fillingDate": "2002-12-31",
        "acceptedDate": "2002-12-30 19:00:00",
        "calendarYear": "2002",
        "period": "FY",
        "revenue": 1275000000,
        "costOfRevenue": 0,
        "grossProfit": 0,
        "grossProfitRatio": 0,
        "researchAndDevelopmentExpenses": 0,
        "generalAndAdministrativeExpenses": 0,
        "sellingAndMarketingExpenses": 0,
        "sellingGeneralAndAdministrativeExpenses": 0,
        "otherExpenses": 0,
        "operatingExpenses": 0,
        "costAndExpenses": 0,
        "interestIncome": 0,
        "interestExpense": 0,
        "depreciationAndAmortization": 0,
        "ebitda": 60500000,
        "ebitdaratio": 0.04745098039215686,
        "operatingIncome": 157800000,
        "operatingIncomeRatio": 0.12376470588235294,
        "totalOtherIncomeExpensesNet": -61600000,
        "incomeBeforeTax": 96200000,
        "incomeBeforeTaxRatio": 0.07545098039215686,
        "incomeTaxExpense": 0,
        "netIncome": 60500000,
        "netIncomeRatio": 0.04745098039215686,
        "eps": 0.1,
        "epsdiluted": 0.09,
        "weightedAverageShsOut": 605000000,
        "weightedAverageShsOutDil": 672222222,
        "link": "",
        "finalLink": ""
    },
    {
        "date": "2001-12-31",
        "symbol": "DPZ",
        "reportedCurrency": "USD",
        "cik": "0001286681",
        "fillingDate": "2001-12-31",
        "acceptedDate": "2001-12-30 19:00:00",
        "calendarYear": "2001",
        "period": "FY",
        "revenue": 1258300000,
        "costOfRevenue": 944500000,
        "grossProfit": 313800000,
        "grossProfitRatio": 0.2493840896447588,
        "researchAndDevelopmentExpenses": 0,
        "generalAndAdministrativeExpenses": 0,
        "sellingAndMarketingExpenses": 0,
        "sellingGeneralAndAdministrativeExpenses": 0,
        "otherExpenses": 186700000,
        "operatingExpenses": 186700000,
        "costAndExpenses": 1131200000,
        "interestIncome": 0,
        "interestExpense": 0,
        "depreciationAndAmortization": 33100000,
        "ebitda": 69900000,
        "ebitdaratio": 0.05555114042756099,
        "operatingIncome": 127100000,
        "operatingIncomeRatio": 0.10100929825955654,
        "totalOtherIncomeExpensesNet": -66800000,
        "incomeBeforeTax": 60300000,
        "incomeBeforeTaxRatio": 0.04792179925296034,
        "incomeTaxExpense": 0,
        "netIncome": 36800000,
        "netIncomeRatio": 0.029245807835969164,
        "eps": 1.0133464613101706,
        "epsdiluted": 0.9082080088546333,
        "weightedAverageShsOut": 36315319,
        "weightedAverageShsOutDil": 40519352,
        "link": "",
        "finalLink": ""
    },
    {
        "date": "2000-12-31",
        "symbol": "DPZ",
        "reportedCurrency": "USD",
        "cik": "0001286681",
        "fillingDate": "2000-12-31",
        "acceptedDate": "2000-12-30 19:00:00",
        "calendarYear": "2000",
        "period": "FY",
        "revenue": 1166100000,
        "costOfRevenue": 868100000,
        "grossProfit": 298000000,
        "grossProfitRatio": 0.2555526970242689,
        "researchAndDevelopmentExpenses": 0,
        "generalAndAdministrativeExpenses": 0,
        "sellingAndMarketingExpenses": 0,
        "sellingGeneralAndAdministrativeExpenses": 0,
        "otherExpenses": 185600000,
        "operatingExpenses": 185600000,
        "costAndExpenses": 1053700000,
        "interestIncome": 0,
        "interestExpense": 0,
        "depreciationAndAmortization": 33600000,
        "ebitda": 58900000,
        "ebitdaratio": 0.05051024783466255,
        "operatingIncome": 112400000,
        "operatingIncomeRatio": 0.09638967498499271,
        "totalOtherIncomeExpensesNet": -70900000,
        "incomeBeforeTax": 41500000,
        "incomeBeforeTaxRatio": 0.035588714518480405,
        "incomeTaxExpense": 0,
        "netIncome": 25300000,
        "netIncomeRatio": 0.021696252465483234,
        "eps": 0.297395,
        "epsdiluted": 0.266539,
        "weightedAverageShsOut": 36315319,
        "weightedAverageShsOutDil": 40519352,
        "link": "",
        "finalLink": ""
    }
]