[
    {
        "date": "2021-12-31",
        "symbol": "DVN",
        "reportedCurrency": "USD",
        "cik": "0001090012",
        "fillingDate": "2022-02-16",
        "acceptedDate": "2022-02-16 12:02:22",
        "calendarYear": "2021",
        "period": "FY",
        "revenue": 12206000000,
        "costOfRevenue": 8527000000,
        "grossProfit": 3679000000,
        "grossProfitRatio": 0.3014091430444044,
        "researchAndDevelopmentExpenses": 0,
        "generalAndAdministrativeExpenses": 391000000,
        "sellingAndMarketingExpenses": 0,
        "sellingGeneralAndAdministrativeExpenses": 391000000,
        "otherExpenses": 42000000,
        "operatingExpenses": 433000000,
        "costAndExpenses": 8960000000,
        "interestIncome": 2000000,
        "interestExpense": 388000000,
        "depreciationAndAmortization": 2158000000,
        "ebitda": 5424000000,
        "ebitdaratio": 0.4443716205145011,
        "operatingIncome": 3246000000,
        "operatingIncomeRatio": 0.2659347861707357,
        "totalOtherIncomeExpensesNet": -348000000,
        "incomeBeforeTax": 2898000000,
        "incomeBeforeTaxRatio": 0.23742421759790266,
        "incomeTaxExpense": 65000000,
        "netIncome": 2813000000,
        "netIncomeRatio": 0.230460429297067,
        "eps": 4.155096011816839,
        "epsdiluted": 4.142857142857143,
        "weightedAverageShsOut": 677000000,
        "weightedAverageShsOutDil": 679000000,
        "link": "https://www.sec.gov/Archives/edgar/data/1090012/000156459022005321/0001564590-22-005321-index.htm",
        "finalLink": "https://www.sec.gov/Archives/edgar/data/1090012/000156459022005321/dvn-10k_20211231.htm"
    },
    {
        "date": "2020-12-31",
        "symbol": "DVN",
        "reportedCurrency": "USD",
        "cik": "0001090012",
        "fillingDate": "2021-02-17",
        "acceptedDate": "2021-02-17 11:02:04",
        "calendarYear": "2020",
        "period": "FY",
        "revenue": 4828000000,
        "costOfRevenue": 4436000000,
        "grossProfit": 392000000,
        "grossProfitRatio": 0.0811930405965203,
        "researchAndDevelopmentExpenses": 0,
        "generalAndAdministrativeExpenses": 338000000,
        "sellingAndMarketingExpenses": 0,
        "sellingGeneralAndAdministrativeExpenses": 338000000,
        "otherExpenses": 167000000,
        "operatingExpenses": 505000000,
        "costAndExpenses": 4941000000,
        "interestIncome": 12000000,
        "interestExpense": 259000000,
        "depreciationAndAmortization": 1300000000,
        "ebitda": -1668000000,
        "ebitdaratio": -0.34548467274233635,
        "operatingIncome": -113000000,
        "operatingIncomeRatio": -0.02340513670256835,
        "totalOtherIncomeExpensesNet": -2977000000,
        "incomeBeforeTax": -3090000000,
        "incomeBeforeTaxRatio": -0.640016570008285,
        "incomeTaxExpense": -547000000,
        "netIncome": -2680000000,
        "netIncomeRatio": -0.5550952775476388,
        "eps": -7.12,
        "epsdiluted": -7.12,
        "weightedAverageShsOut": 377000000,
        "weightedAverageShsOutDil": 377000000,
        "link": "https://www.sec.gov/Archives/edgar/data/1090012/000156459021006239/0001564590-21-006239-index.htm",
        "finalLink": "https://www.sec.gov/Archives/edgar/data/1090012/000156459021006239/dvn-10k_20201231.htm"
    },
    {
        "date": "2019-12-31",
        "symbol": "DVN",
        "reportedCurrency": "USD",
        "cik": "0001090012",
        "fillingDate": "2020-02-19",
        "acceptedDate": "2020-02-19 12:03:54",
        "calendarYear": "2019",
        "period": "FY",
        "revenue": 6220000000,
        "costOfRevenue": 5506000000,
        "grossProfit": 714000000,
        "grossProfitRatio": 0.11479099678456592,
        "researchAndDevelopmentExpenses": 0,
        "generalAndAdministrativeExpenses": 475000000,
        "sellingAndMarketingExpenses": 2812000000,
        "sellingGeneralAndAdministrativeExpenses": 3287000000,
        "otherExpenses": -2754000000,
        "operatingExpenses": 533000000,
        "costAndExpenses": 6039000000,
        "interestIncome": 0,
        "interestExpense": 260000000,
        "depreciationAndAmortization": 0,
        "ebitda": -125000000,
        "ebitdaratio": -0.02009646302250804,
        "operatingIncome": 181000000,
        "operatingIncomeRatio": 0.02909967845659164,
        "totalOtherIncomeExpensesNet": -290000000,
        "incomeBeforeTax": -109000000,
        "incomeBeforeTaxRatio": -0.01752411575562701,
        "incomeTaxExpense": -30000000,
        "netIncome": -355000000,
        "netIncomeRatio": -0.05707395498392283,
        "eps": -0.89,
        "epsdiluted": -0.89,
        "weightedAverageShsOut": 407000000,
        "weightedAverageShsOutDil": 407000000,
        "link": "https://www.sec.gov/Archives/edgar/data/1090012/000156459020005182/0001564590-20-005182-index.html",
        "finalLink": "https://www.sec.gov/Archives/edgar/data/1090012/000156459020005182/dvn-10k_20191231.htm"
    },
    {
        "date": "2018-12-31",
        "symbol": "DVN",
        "reportedCurrency": "USD",
        "cik": "0001090012",
        "fillingDate": "2019-02-20",
        "acceptedDate": "2019-02-20 12:18:53",
        "calendarYear": "2018",
        "period": "FY",
        "revenue": 10734000000,
        "costOfRevenue": 3883000000,
        "grossProfit": 6851000000,
        "grossProfitRatio": 0.6382522824669276,
        "researchAndDevelopmentExpenses": 0,
        "generalAndAdministrativeExpenses": 650000000,
        "sellingAndMarketingExpenses": 4363000000,
        "sellingGeneralAndAdministrativeExpenses": 5013000000,
        "otherExpenses": 236000000,
        "operatingExpenses": 5249000000,
        "costAndExpenses": 9132000000,
        "interestIncome": 0,
        "interestExpense": 298000000,
        "depreciationAndAmortization": 0,
        "ebitda": 3518000000,
        "ebitdaratio": 0.32774361840879446,
        "operatingIncome": 1602000000,
        "operatingIncomeRatio": 0.14924538848518726,
        "totalOtherIncomeExpensesNet": -682000000,
        "incomeBeforeTax": 920000000,
        "incomeBeforeTaxRatio": 0.08570896217626234,
        "incomeTaxExpense": 156000000,
        "netIncome": 3064000000,
        "netIncomeRatio": 0.2854481088131172,
        "eps": 6.14,
        "epsdiluted": 6.1,
        "weightedAverageShsOut": 499000000,
        "weightedAverageShsOutDil": 502000000,
        "link": "https://www.sec.gov/Archives/edgar/data/1090012/000156459019003382/0001564590-19-003382-index.html",
        "finalLink": "https://www.sec.gov/Archives/edgar/data/1090012/000156459019003382/dvn-10k_20181231.htm"
    },
    {
        "date": "2017-12-31",
        "symbol": "DVN",
        "reportedCurrency": "USD",
        "cik": "0001090012",
        "fillingDate": "2018-02-21",
        "acceptedDate": "2018-02-21 12:03:34",
        "calendarYear": "2017",
        "period": "FY",
        "revenue": 13949000000,
        "costOfRevenue": 11627000000,
        "grossProfit": 2322000000,
        "grossProfitRatio": 0.1664635457738906,
        "researchAndDevelopmentExpenses": 0,
        "generalAndAdministrativeExpenses": 872000000,
        "sellingAndMarketingExpenses": 7730000000,
        "sellingGeneralAndAdministrativeExpenses": 8602000000,
        "otherExpenses": -7288000000,
        "operatingExpenses": 1314000000,
        "costAndExpenses": 12941000000,
        "interestIncome": 0,
        "interestExpense": 514000000,
        "depreciationAndAmortization": 0,
        "ebitda": 1230000000,
        "ebitdaratio": 0.088178364040433,
        "operatingIncome": 1008000000,
        "operatingIncomeRatio": 0.07226324467703778,
        "totalOtherIncomeExpensesNet": -112000000,
        "incomeBeforeTax": 896000000,
        "incomeBeforeTaxRatio": 0.06423399526847803,
        "incomeTaxExpense": -182000000,
        "netIncome": 898000000,
        "netIncomeRatio": 0.06437737472220231,
        "eps": 1.71,
        "epsdiluted": 1.7,
        "weightedAverageShsOut": 525000000,
        "weightedAverageShsOutDil": 528000000,
        "link": "https://www.sec.gov/Archives/edgar/data/1090012/000156459018002582/0001564590-18-002582-index.html",
        "finalLink": "https://www.sec.gov/Archives/edgar/data/1090012/000156459018002582/dvn-10k_20171231.htm"
    },
    {
        "date": "2016-12-31",
        "symbol": "DVN",
        "reportedCurrency": "USD",
        "cik": "0001090012",
        "fillingDate": "2017-02-15",
        "acceptedDate": "2017-02-15 12:02:34",
        "calendarYear": "2016",
        "period": "FY",
        "revenue": 10304000000,
        "costOfRevenue": 7559000000,
        "grossProfit": 2745000000,
        "grossProfitRatio": 0.26640139751552794,
        "researchAndDevelopmentExpenses": 0,
        "generalAndAdministrativeExpenses": 645000000,
        "sellingAndMarketingExpenses": 5492000000,
        "sellingGeneralAndAdministrativeExpenses": 6137000000,
        "otherExpenses": -3846000000,
        "operatingExpenses": 2291000000,
        "costAndExpenses": 9850000000,
        "interestIncome": 0,
        "interestExpense": 620000000,
        "depreciationAndAmortization": 0,
        "ebitda": -2855000000,
        "ebitdaratio": -0.27707686335403725,
        "operatingIncome": -2895000000,
        "operatingIncomeRatio": -0.280958850931677,
        "totalOtherIncomeExpensesNet": -982000000,
        "incomeBeforeTax": -3877000000,
        "incomeBeforeTaxRatio": -0.3762616459627329,
        "incomeTaxExpense": -173000000,
        "netIncome": -3302000000,
        "netIncomeRatio": -0.3204580745341615,
        "eps": -6.52,
        "epsdiluted": -6.52,
        "weightedAverageShsOut": 513000000,
        "weightedAverageShsOutDil": 513000000,
        "link": "https://www.sec.gov/Archives/edgar/data/1090012/000156459017001607/0001564590-17-001607-index.html",
        "finalLink": "https://www.sec.gov/Archives/edgar/data/1090012/000156459017001607/dvn-10k_20161231.htm"
    },
    {
        "date": "2015-12-31",
        "symbol": "DVN",
        "reportedCurrency": "USD",
        "cik": "0001090012",
        "fillingDate": "2016-02-17",
        "acceptedDate": "2016-02-17 13:00:59",
        "calendarYear": "2015",
        "period": "FY",
        "revenue": 13145000000,
        "costOfRevenue": 9937000000,
        "grossProfit": 3208000000,
        "grossProfitRatio": 0.24404716622289843,
        "researchAndDevelopmentExpenses": 0,
        "generalAndAdministrativeExpenses": 855000000,
        "sellingAndMarketingExpenses": 6420000000,
        "sellingGeneralAndAdministrativeExpenses": 7275000000,
        "otherExpenses": -4238000000,
        "operatingExpenses": 3037000000,
        "costAndExpenses": 12974000000,
        "interestIncome": 6000000,
        "interestExpense": 503000000,
        "depreciationAndAmortization": 0,
        "ebitda": -20016000000,
        "ebitdaratio": -1.5227082540890071,
        "operatingIncome": -20727000000,
        "operatingIncomeRatio": -1.5767972613160897,
        "totalOtherIncomeExpensesNet": -541000000,
        "incomeBeforeTax": -21268000000,
        "incomeBeforeTaxRatio": -1.6179535945226322,
        "incomeTaxExpense": -6065000000,
        "netIncome": -14454000000,
        "netIncomeRatio": -1.099581589958159,
        "eps": -35.55,
        "epsdiluted": -35.55,
        "weightedAverageShsOut": 412000000,
        "weightedAverageShsOutDil": 412000000,
        "link": "https://www.sec.gov/Archives/edgar/data/1090012/000119312516466687/0001193125-16-466687-index.html",
        "finalLink": "https://www.sec.gov/Archives/edgar/data/1090012/000119312516466687/d109858d10k.htm"
    },
    {
        "date": "2014-12-31",
        "symbol": "DVN",
        "reportedCurrency": "USD",
        "cik": "0001090012",
        "fillingDate": "2015-02-20",
        "acceptedDate": "2015-02-20 17:03:04",
        "calendarYear": "2014",
        "period": "FY",
        "revenue": 19566000000,
        "costOfRevenue": 10669000000,
        "grossProfit": 8897000000,
        "grossProfitRatio": 0.4547173668608811,
        "researchAndDevelopmentExpenses": 0,
        "generalAndAdministrativeExpenses": 847000000,
        "sellingAndMarketingExpenses": 6815000000,
        "sellingGeneralAndAdministrativeExpenses": 7662000000,
        "otherExpenses": -4390000000,
        "operatingExpenses": 3272000000,
        "costAndExpenses": 13941000000,
        "interestIncome": 10000000,
        "interestExpense": 476000000,
        "depreciationAndAmortization": 0,
        "ebitda": 4451000000,
        "ebitdaratio": 0.22748645609731166,
        "operatingIncome": 4698000000,
        "operatingIncomeRatio": 0.24011039558417663,
        "totalOtherIncomeExpensesNet": -639000000,
        "incomeBeforeTax": 4059000000,
        "incomeBeforeTaxRatio": 0.20745170193192272,
        "incomeTaxExpense": 2368000000,
        "netIncome": 1607000000,
        "netIncomeRatio": 0.08213227026474497,
        "eps": 3.93,
        "epsdiluted": 3.91,
        "weightedAverageShsOut": 409000000,
        "weightedAverageShsOutDil": 411000000,
        "link": "https://www.sec.gov/Archives/edgar/data/1090012/000119312515056497/d859923d10k.htm",
        "finalLink": "https://www.sec.gov/Archives/edgar/data/1090012/000119312515056497/d859923d10k.htm"
    },
    {
        "date": "2013-12-31",
        "symbol": "DVN",
        "reportedCurrency": "USD",
        "cik": "0001090012",
        "fillingDate": "2014-02-28",
        "acceptedDate": "2014-02-28 13:43:31",
        "calendarYear": "2013",
        "period": "FY",
        "revenue": 10397000000,
        "costOfRevenue": 4794000000,
        "grossProfit": 5603000000,
        "grossProfitRatio": 0.5389054534962008,
        "researchAndDevelopmentExpenses": 0,
        "generalAndAdministrativeExpenses": 617000000,
        "sellingAndMarketingExpenses": 1553000000,
        "sellingGeneralAndAdministrativeExpenses": 2170000000,
        "otherExpenses": 836000000,
        "operatingExpenses": 3006000000,
        "costAndExpenses": 7800000000,
        "interestIncome": 20000000,
        "interestExpense": 410000000,
        "depreciationAndAmortization": 0,
        "ebitda": 559000000,
        "ebitdaratio": 0.053765509281523516,
        "operatingIncome": 621000000,
        "operatingIncomeRatio": 0.05972876791382129,
        "totalOtherIncomeExpensesNet": -472000000,
        "incomeBeforeTax": 149000000,
        "incomeBeforeTaxRatio": 0.01433105703568337,
        "incomeTaxExpense": 169000000,
        "netIncome": -20000000,
        "netIncomeRatio": -0.001923631816870251,
        "eps": -0.06,
        "epsdiluted": -0.06,
        "weightedAverageShsOut": 406000000,
        "weightedAverageShsOutDil": 406000000,
        "link": "https://www.sec.gov/Archives/edgar/data/1090012/000119312514076267/d656849d10k.htm",
        "finalLink": "https://www.sec.gov/Archives/edgar/data/1090012/000119312514076267/d656849d10k.htm"
    },
    {
        "date": "2012-12-31",
        "symbol": "DVN",
        "reportedCurrency": "USD",
        "cik": "0001090012",
        "fillingDate": "2013-02-21",
        "acceptedDate": "2013-02-21 12:19:56",
        "calendarYear": "2012",
        "period": "FY",
        "revenue": 9502000000,
        "costOfRevenue": 4057000000,
        "grossProfit": 5445000000,
        "grossProfitRatio": 0.5730372553146706,
        "researchAndDevelopmentExpenses": 0,
        "generalAndAdministrativeExpenses": 692000000,
        "sellingAndMarketingExpenses": 1246000000,
        "sellingGeneralAndAdministrativeExpenses": 1938000000,
        "otherExpenses": 1352000000,
        "operatingExpenses": 3290000000,
        "costAndExpenses": 7347000000,
        "interestIncome": 36000000,
        "interestExpense": 392000000,
        "depreciationAndAmortization": 0,
        "ebitda": 54000000,
        "ebitdaratio": 0.005683014102294254,
        "operatingIncome": 2155000000,
        "operatingIncomeRatio": 0.22679435908229847,
        "totalOtherIncomeExpensesNet": -2472000000,
        "incomeBeforeTax": -317000000,
        "incomeBeforeTaxRatio": -0.033361397600505154,
        "incomeTaxExpense": -132000000,
        "netIncome": -206000000,
        "netIncomeRatio": -0.021679646390233634,
        "eps": -0.52,
        "epsdiluted": -0.52,
        "weightedAverageShsOut": 404000000,
        "weightedAverageShsOutDil": 404000000,
        "link": "https://www.sec.gov/Archives/edgar/data/1090012/000119312513068817/0001193125-13-068817-index.html",
        "finalLink": "https://www.sec.gov/Archives/edgar/data/1090012/000119312513068817/d477194d10k.htm"
    },
    {
        "date": "2011-12-31",
        "symbol": "DVN",
        "reportedCurrency": "USD",
        "cik": "0001090012",
        "fillingDate": "2012-02-24",
        "acceptedDate": "2012-02-24 10:22:00",
        "calendarYear": "2011",
        "period": "FY",
        "revenue": 10573000000,
        "costOfRevenue": 3567000000,
        "grossProfit": 7006000000,
        "grossProfitRatio": 0.6626312304927646,
        "researchAndDevelopmentExpenses": 0,
        "generalAndAdministrativeExpenses": 0,
        "sellingAndMarketingExpenses": 0,
        "sellingGeneralAndAdministrativeExpenses": 585000000,
        "otherExpenses": 2764000000,
        "operatingExpenses": 3349000000,
        "costAndExpenses": 6916000000,
        "interestIncome": 21000000,
        "interestExpense": 352000000,
        "depreciationAndAmortization": 0,
        "ebitda": 7212000000,
        "ebitdaratio": 0.6821148207698856,
        "operatingIncome": 4630000000,
        "operatingIncomeRatio": 0.43790787855859264,
        "totalOtherIncomeExpensesNet": -340000000,
        "incomeBeforeTax": 4290000000,
        "incomeBeforeTaxRatio": 0.4057504965478105,
        "incomeTaxExpense": 2156000000,
        "netIncome": 4704000000,
        "netIncomeRatio": 0.44490683817270404,
        "eps": 11.29,
        "epsdiluted": 11.25,
        "weightedAverageShsOut": 417000000,
        "weightedAverageShsOutDil": 418000000,
        "link": "https://www.sec.gov/Archives/edgar/data/1090012/000119312512077085/0001193125-12-077085-index.html",
        "finalLink": "https://www.sec.gov/Archives/edgar/data/1090012/000119312512077085/d298761d10k.htm"
    },
    {
        "date": "2010-12-31",
        "symbol": "DVN",
        "reportedCurrency": "USD",
        "cik": "0001090012",
        "fillingDate": "2011-02-25",
        "acceptedDate": "2011-02-25 14:34:36",
        "calendarYear": "2010",
        "period": "FY",
        "revenue": 9129000000,
        "costOfRevenue": 3046000000,
        "grossProfit": 6083000000,
        "grossProfitRatio": 0.6663380435973272,
        "researchAndDevelopmentExpenses": 0,
        "generalAndAdministrativeExpenses": 0,
        "sellingAndMarketingExpenses": 0,
        "sellingGeneralAndAdministrativeExpenses": 563000000,
        "otherExpenses": 2402000000,
        "operatingExpenses": 2965000000,
        "costAndExpenses": 6011000000,
        "interestIncome": 13000000,
        "interestExpense": 349000000,
        "depreciationAndAmortization": 1930000000,
        "ebitda": 8064000000,
        "ebitdaratio": 0.883338810384489,
        "operatingIncome": 4021000000,
        "operatingIncomeRatio": 0.44046445393799977,
        "totalOtherIncomeExpensesNet": -453000000,
        "incomeBeforeTax": 3568000000,
        "incomeBeforeTaxRatio": 0.3908423704677402,
        "incomeTaxExpense": 1235000000,
        "netIncome": 4550000000,
        "netIncomeRatio": 0.49841165516485925,
        "eps": 10.35,
        "epsdiluted": 10.31,
        "weightedAverageShsOut": 440000000,
        "weightedAverageShsOutDil": 441000000,
        "link": "https://www.sec.gov/Archives/edgar/data/1090012/000095012311018537/d78726e10vk.htm",
        "finalLink": "https://www.sec.gov/Archives/edgar/data/1090012/000095012311018537/d78726e10vk.htm"
    },
    {
        "date": "2009-12-31",
        "symbol": "DVN",
        "reportedCurrency": "USD",
        "cik": "0001090012",
        "fillingDate": "2010-02-25",
        "acceptedDate": "2010-02-25 16:31:44",
        "calendarYear": "2009",
        "period": "FY",
        "revenue": 8015000000,
        "costOfRevenue": 2692000000,
        "grossProfit": 5323000000,
        "grossProfitRatio": 0.6641297567061759,
        "researchAndDevelopmentExpenses": 0,
        "generalAndAdministrativeExpenses": 0,
        "sellingAndMarketingExpenses": 0,
        "sellingGeneralAndAdministrativeExpenses": 648000000,
        "otherExpenses": 8664000000,
        "operatingExpenses": 9312000000,
        "costAndExpenses": 12004000000,
        "interestIncome": 8000000,
        "interestExpense": 349000000,
        "depreciationAndAmortization": 2108000000,
        "ebitda": -1795000000,
        "ebitdaratio": -0.22395508421709295,
        "operatingIncome": -3989000000,
        "operatingIncomeRatio": -0.49769182782283217,
        "totalOtherIncomeExpensesNet": -537000000,
        "incomeBeforeTax": -4526000000,
        "incomeBeforeTaxRatio": -0.564691203992514,
        "incomeTaxExpense": -1773000000,
        "netIncome": -2479000000,
        "netIncomeRatio": -0.3092950717404866,
        "eps": -5.58,
        "epsdiluted": -5.58,
        "weightedAverageShsOut": 444000000,
        "weightedAverageShsOutDil": 446000000,
        "link": "https://www.sec.gov/Archives/edgar/data/1090012/000095012310017093/0000950123-10-017093-index.html",
        "finalLink": "https://www.sec.gov/Archives/edgar/data/1090012/000095012310017093/d71091e10vk.htm"
    },
    {
        "date": "2008-12-31",
        "symbol": "DVN",
        "reportedCurrency": "USD",
        "cik": "0001090012",
        "fillingDate": "2009-02-27",
        "acceptedDate": "2009-02-27 06:01:34",
        "calendarYear": "2008",
        "period": "FY",
        "revenue": 15211000000,
        "costOfRevenue": 3841000000,
        "grossProfit": 11370000000,
        "grossProfitRatio": 0.7474853724278483,
        "researchAndDevelopmentExpenses": 0,
        "generalAndAdministrativeExpenses": 0,
        "sellingAndMarketingExpenses": 0,
        "sellingGeneralAndAdministrativeExpenses": 653000000,
        "otherExpenses": 4031000000,
        "operatingExpenses": 4684000000,
        "costAndExpenses": 8525000000,
        "interestIncome": 0,
        "interestExpense": 0,
        "depreciationAndAmortization": 3509000000,
        "ebitda": 407000000,
        "ebitdaratio": 0.026756952205640654,
        "operatingIncome": -3779000000,
        "operatingIncomeRatio": -0.24843862993886004,
        "totalOtherIncomeExpensesNet": -254000000,
        "incomeBeforeTax": -4033000000,
        "incomeBeforeTaxRatio": -0.26513707185589375,
        "incomeTaxExpense": -954000000,
        "netIncome": -2148000000,
        "netIncomeRatio": -0.14121359542436396,
        "eps": -4.85,
        "epsdiluted": -4.85,
        "weightedAverageShsOut": 444000000,
        "weightedAverageShsOutDil": 444000000,
        "link": "https://www.sec.gov/Archives/edgar/data/1090012/000095013409003904/0000950134-09-003904-index.html",
        "finalLink": "https://www.sec.gov/Archives/edgar/data/1090012/000095013409003904/d66379e10vk.htm"
    },
    {
        "date": "2007-12-31",
        "symbol": "DVN",
        "reportedCurrency": "USD",
        "cik": "0001090012",
        "fillingDate": "2008-02-28",
        "acceptedDate": "2008-02-28 13:45:52",
        "calendarYear": "2007",
        "period": "FY",
        "revenue": 11362000000,
        "costOfRevenue": 3055000000,
        "grossProfit": 8307000000,
        "grossProfitRatio": 0.7311212814645309,
        "researchAndDevelopmentExpenses": 0,
        "generalAndAdministrativeExpenses": 0,
        "sellingAndMarketingExpenses": 0,
        "sellingGeneralAndAdministrativeExpenses": 513000000,
        "otherExpenses": 3198000000,
        "operatingExpenses": 3711000000,
        "costAndExpenses": 6766000000,
        "interestIncome": 0,
        "interestExpense": 0,
        "depreciationAndAmortization": 2858000000,
        "ebitda": 7542000000,
        "ebitdaratio": 0.6637915859883823,
        "operatingIncome": 4522000000,
        "operatingIncomeRatio": 0.3979933110367893,
        "totalOtherIncomeExpensesNet": -298000000,
        "incomeBeforeTax": 4224000000,
        "incomeBeforeTaxRatio": 0.3717655342369301,
        "incomeTaxExpense": 1078000000,
        "netIncome": 3606000000,
        "netIncomeRatio": 0.31737370181306107,
        "eps": 8.08,
        "epsdiluted": 8,
        "weightedAverageShsOut": 445000000,
        "weightedAverageShsOutDil": 450000000,
        "link": "https://www.sec.gov/Archives/edgar/data/1090012/000095013408003698/d54280e10vk.htm",
        "finalLink": "https://www.sec.gov/Archives/edgar/data/1090012/000095013408003698/d54280e10vk.htm"
    },
    {
        "date": "2006-12-31",
        "symbol": "DVN",
        "reportedCurrency": "USD",
        "cik": "0001090012",
        "fillingDate": "2007-02-28",
        "acceptedDate": "2007-02-28 16:06:24",
        "calendarYear": "2006",
        "period": "FY",
        "revenue": 10578000000,
        "costOfRevenue": 2732000000,
        "grossProfit": 7846000000,
        "grossProfitRatio": 0.7417281149555681,
        "researchAndDevelopmentExpenses": 0,
        "generalAndAdministrativeExpenses": 0,
        "sellingAndMarketingExpenses": 0,
        "sellingGeneralAndAdministrativeExpenses": 397000000,
        "otherExpenses": 2783000000,
        "operatingExpenses": 3180000000,
        "costAndExpenses": 5912000000,
        "interestIncome": 0,
        "interestExpense": 0,
        "depreciationAndAmortization": 2442000000,
        "ebitda": 6477000000,
        "ebitdaratio": 0.6123085649461146,
        "operatingIncome": 4496000000,
        "operatingIncomeRatio": 0.4250330875401777,
        "totalOtherIncomeExpensesNet": -484000000,
        "incomeBeforeTax": 4012000000,
        "incomeBeforeTaxRatio": 0.37927774626583477,
        "incomeTaxExpense": 1189000000,
        "netIncome": 2846000000,
        "netIncomeRatio": 0.26904896955946306,
        "eps": 6.42,
        "epsdiluted": 6.34,
        "weightedAverageShsOut": 442000000,
        "weightedAverageShsOutDil": 448000000,
        "link": "https://www.sec.gov/Archives/edgar/data/1090012/000095013407004377/d43782e10vk.htm",
        "finalLink": "https://www.sec.gov/Archives/edgar/data/1090012/000095013407004377/d43782e10vk.htm"
    },
    {
        "date": "2005-12-31",
        "symbol": "DVN",
        "reportedCurrency": "USD",
        "cik": "0001090012",
        "fillingDate": "2006-03-03",
        "acceptedDate": "2006-03-03 15:07:59",
        "calendarYear": "2005",
        "period": "FY",
        "revenue": 10741000000,
        "costOfRevenue": 1345000000,
        "grossProfit": 9396000000,
        "grossProfitRatio": 0.874778884647612,
        "researchAndDevelopmentExpenses": 0,
        "generalAndAdministrativeExpenses": 0,
        "sellingAndMarketingExpenses": 0,
        "sellingGeneralAndAdministrativeExpenses": 1633000000,
        "otherExpenses": 2526000000,
        "operatingExpenses": 4159000000,
        "costAndExpenses": 5504000000,
        "interestIncome": 0,
        "interestExpense": 0,
        "depreciationAndAmortization": 2191000000,
        "ebitda": 6743000000,
        "ebitdaratio": 0.6277813983800391,
        "operatingIncome": 5025000000,
        "operatingIncomeRatio": 0.46783353505260217,
        "totalOtherIncomeExpensesNet": -473000000,
        "incomeBeforeTax": 4552000000,
        "incomeBeforeTaxRatio": 0.423796666977004,
        "incomeTaxExpense": 1622000000,
        "netIncome": 2930000000,
        "netIncomeRatio": 0.2727865189460944,
        "eps": 6.38,
        "epsdiluted": 6.26,
        "weightedAverageShsOut": 458000000,
        "weightedAverageShsOutDil": 470000000,
        "link": "https://www.sec.gov/Archives/edgar/data/1090012/000095013406004215/d33154e10vk.htm",
        "finalLink": "https://www.sec.gov/Archives/edgar/data/1090012/000095013406004215/d33154e10vk.htm"
    },
    {
        "date": "2004-12-31",
        "symbol": "DVN",
        "reportedCurrency": "USD",
        "cik": "0001090012",
        "fillingDate": "2005-03-09",
        "acceptedDate": "2005-03-08 17:48:28",
        "calendarYear": "2004",
        "period": "FY",
        "revenue": 9189000000,
        "costOfRevenue": 1280000000,
        "grossProfit": 7909000000,
        "grossProfitRatio": 0.8607030144738274,
        "researchAndDevelopmentExpenses": 0,
        "generalAndAdministrativeExpenses": 0,
        "sellingAndMarketingExpenses": 0,
        "sellingGeneralAndAdministrativeExpenses": 1616000000,
        "otherExpenses": 2545000000,
        "operatingExpenses": 4161000000,
        "costAndExpenses": 5441000000,
        "interestIncome": 0,
        "interestExpense": 0,
        "depreciationAndAmortization": 2290000000,
        "ebitda": 5583000000,
        "ebitdaratio": 0.6075742735879857,
        "operatingIncome": 3748000000,
        "operatingIncomeRatio": 0.40787898574382414,
        "totalOtherIncomeExpensesNet": -455000000,
        "incomeBeforeTax": 3293000000,
        "incomeBeforeTaxRatio": 0.3583632604200675,
        "incomeTaxExpense": 1107000000,
        "netIncome": 2186000000,
        "netIncomeRatio": 0.23789313309391663,
        "eps": 4.51,
        "epsdiluted": 4.38,
        "weightedAverageShsOut": 482000000,
        "weightedAverageShsOutDil": 499000000,
        "link": "https://www.sec.gov/Archives/edgar/data/1090012/000095013405004427/0000950134-05-004427-index.html",
        "finalLink": "https://www.sec.gov/Archives/edgar/data/1090012/000095013405004427/d22843e10vk.htm"
    },
    {
        "date": "2003-12-31",
        "symbol": "DVN",
        "reportedCurrency": "USD",
        "cik": "0001090012",
        "fillingDate": "2004-03-05",
        "acceptedDate": "2004-03-05 17:23:44",
        "calendarYear": "2003",
        "period": "FY",
        "revenue": 7352000000,
        "costOfRevenue": 1078000000,
        "grossProfit": 6274000000,
        "grossProfitRatio": 0.8533732317736671,
        "researchAndDevelopmentExpenses": 0,
        "generalAndAdministrativeExpenses": 0,
        "sellingAndMarketingExpenses": 0,
        "sellingGeneralAndAdministrativeExpenses": 1481000000,
        "otherExpenses": 1997000000,
        "operatingExpenses": 3478000000,
        "costAndExpenses": 4556000000,
        "interestIncome": 0,
        "interestExpense": 0,
        "depreciationAndAmortization": 1793000000,
        "ebitda": 4054000000,
        "ebitdaratio": 0.5514145810663765,
        "operatingIncome": 2789000000,
        "operatingIncomeRatio": 0.3793525571273123,
        "totalOtherIncomeExpensesNet": -544000000,
        "incomeBeforeTax": 2245000000,
        "incomeBeforeTaxRatio": 0.30535908596300326,
        "incomeTaxExpense": 514000000,
        "netIncome": 1747000000,
        "netIncomeRatio": 0.23762241566920567,
        "eps": 4.16,
        "epsdiluted": 4.035,
        "weightedAverageShsOut": 418000000,
        "weightedAverageShsOutDil": 434000000,
        "link": "https://www.sec.gov/Archives/edgar/data/1090012/000095013404003010/0000950134-04-003010-index.html",
        "finalLink": "https://www.sec.gov/Archives/edgar/data/1090012/000095013404003010/d13125e10vk.htm"
    },
    {
        "date": "2002-12-31",
        "symbol": "DVN",
        "reportedCurrency": "USD",
        "cik": "0001090012",
        "fillingDate": "2003-03-07",
        "acceptedDate": "2003-03-07 13:14:35",
        "calendarYear": "2002",
        "period": "FY",
        "revenue": 4316000000,
        "costOfRevenue": 775000000,
        "grossProfit": 3541000000,
        "grossProfitRatio": 0.8204355885078777,
        "researchAndDevelopmentExpenses": 0,
        "generalAndAdministrativeExpenses": 0,
        "sellingAndMarketingExpenses": 0,
        "sellingGeneralAndAdministrativeExpenses": 1027000000,
        "otherExpenses": 1322000000,
        "operatingExpenses": 2349000000,
        "costAndExpenses": 3124000000,
        "interestIncome": 0,
        "interestExpense": 0,
        "depreciationAndAmortization": 1211000000,
        "ebitda": 1122000000,
        "ebitdaratio": 0.25996292863762743,
        "operatingIncome": 365000000,
        "operatingIncomeRatio": 0.0845690454124189,
        "totalOtherIncomeExpensesNet": -499000000,
        "incomeBeforeTax": -134000000,
        "incomeBeforeTaxRatio": -0.03104726598702502,
        "incomeTaxExpense": -193000000,
        "netIncome": 104000000,
        "netIncomeRatio": 0.024096385542168676,
        "eps": 0.305,
        "epsdiluted": 0.305,
        "weightedAverageShsOut": 310000000,
        "weightedAverageShsOutDil": 312000000,
        "link": "https://www.sec.gov/Archives/edgar/data/1090012/000095013403003538/0000950134-03-003538-index.html",
        "finalLink": "https://www.sec.gov/Archives/edgar/data/1090012/000095013403003538/d03660e10vk.txt"
    },
    {
        "date": "2001-12-31",
        "symbol": "DVN",
        "reportedCurrency": "USD",
        "cik": "0001090012",
        "fillingDate": "2002-03-19",
        "acceptedDate": "2002-03-19 00:00:00",
        "calendarYear": "2001",
        "period": "FY",
        "revenue": 3075000000,
        "costOfRevenue": 614000000,
        "grossProfit": 2461000000,
        "grossProfitRatio": 0.8003252032520325,
        "researchAndDevelopmentExpenses": 0,
        "generalAndAdministrativeExpenses": 111000000,
        "sellingAndMarketingExpenses": 0,
        "sellingGeneralAndAdministrativeExpenses": 111000000,
        "otherExpenses": 1027000000,
        "operatingExpenses": 1138000000,
        "costAndExpenses": 1752000000,
        "interestIncome": 0,
        "interestExpense": 0,
        "depreciationAndAmortization": 936000000,
        "ebitda": 1069000000,
        "ebitdaratio": 0.34764227642276424,
        "operatingIncome": 304000000,
        "operatingIncomeRatio": 0.09886178861788618,
        "totalOtherIncomeExpensesNet": -220000000,
        "incomeBeforeTax": 84000000,
        "incomeBeforeTaxRatio": 0.027317073170731707,
        "incomeTaxExpense": 30000000,
        "netIncome": 103000000,
        "netIncomeRatio": 0.03349593495934959,
        "eps": 0.365,
        "epsdiluted": 0.36,
        "weightedAverageShsOut": 256000000,
        "weightedAverageShsOutDil": 260000000,
        "link": "https://www.sec.gov/Archives/edgar/data/1090012/000095013402002253/0000950134-02-002253-index.htm",
        "finalLink": "https://www.sec.gov/Archives/edgar/data/1090012/000095013402002253/d95009e10-k405.txt"
    },
    {
        "date": "2000-12-31",
        "symbol": "DVN",
        "reportedCurrency": "USD",
        "cik": "0001090012",
        "fillingDate": "2000-12-31",
        "acceptedDate": "2000-12-30 19:00:00",
        "calendarYear": "2000",
        "period": "FY",
        "revenue": 2784103000,
        "costOfRevenue": 494089000,
        "grossProfit": 2290014000,
        "grossProfitRatio": 0.8225320686770569,
        "researchAndDevelopmentExpenses": 0,
        "generalAndAdministrativeExpenses": 93008000,
        "sellingAndMarketingExpenses": 0,
        "sellingGeneralAndAdministrativeExpenses": 93008000,
        "otherExpenses": 837916000,
        "operatingExpenses": 930924000,
        "costAndExpenses": 1425013000,
        "interestIncome": 0,
        "interestExpense": 0,
        "depreciationAndAmortization": 734672000,
        "ebitda": 1876652000,
        "ebitdaratio": 0.674059831838118,
        "operatingIncome": 1296309000,
        "operatingIncomeRatio": 0.4656110064893432,
        "totalOtherIncomeExpensesNet": -154329000,
        "incomeBeforeTax": 1141980000,
        "incomeBeforeTaxRatio": 0.4101787900806831,
        "incomeTaxExpense": 411638000,
        "netIncome": 730342000,
        "netIncomeRatio": 0.26232578320557826,
        "eps": 2.83,
        "epsdiluted": 2.75,
        "weightedAverageShsOut": 254842000,
        "weightedAverageShsOutDil": 263460000,
        "link": "",
        "finalLink": ""
    },
    {
        "date": "1999-12-31",
        "symbol": "DVN",
        "reportedCurrency": "USD",
        "cik": "0001090012",
        "fillingDate": "1999-12-31",
        "acceptedDate": "1999-12-30 19:00:00",
        "calendarYear": "1999",
        "period": "FY",
        "revenue": 715500000,
        "costOfRevenue": 168100000,
        "grossProfit": 547400000,
        "grossProfitRatio": 0.7650593990216632,
        "researchAndDevelopmentExpenses": 0,
        "generalAndAdministrativeExpenses": 53800000,
        "sellingAndMarketingExpenses": 0,
        "sellingGeneralAndAdministrativeExpenses": 53800000,
        "otherExpenses": 292200000,
        "operatingExpenses": 346000000,
        "costAndExpenses": 514100000,
        "interestIncome": 0,
        "interestExpense": 0,
        "depreciationAndAmortization": 269100000,
        "ebitda": 428900000,
        "ebitdaratio": 0.5994409503843466,
        "operatingIncome": 201400000,
        "operatingIncomeRatio": 0.2814814814814815,
        "totalOtherIncomeExpensesNet": -41600000,
        "incomeBeforeTax": 159800000,
        "incomeBeforeTaxRatio": 0.223340321453529,
        "incomeTaxExpense": 65200000,
        "netIncome": 94600000,
        "netIncomeRatio": 0.13221523410202657,
        "eps": 0.755,
        "epsdiluted": 0.73,
        "weightedAverageShsOut": 120030000,
        "weightedAverageShsOutDil": 124520548,
        "link": "",
        "finalLink": ""
    },
    {
        "date": "1998-12-31",
        "symbol": "DVN",
        "reportedCurrency": "USD",
        "cik": "0001090012",
        "fillingDate": "1998-12-31",
        "acceptedDate": "1998-12-30 19:00:00",
        "calendarYear": "1998",
        "period": "FY",
        "revenue": 369700000,
        "costOfRevenue": 113500000,
        "grossProfit": 256200000,
        "grossProfitRatio": 0.6929943197186909,
        "researchAndDevelopmentExpenses": 0,
        "generalAndAdministrativeExpenses": 0,
        "sellingAndMarketingExpenses": 0,
        "sellingGeneralAndAdministrativeExpenses": 23600000,
        "otherExpenses": 137700000,
        "operatingExpenses": 161300000,
        "costAndExpenses": 274800000,
        "interestIncome": 0,
        "interestExpense": 0,
        "depreciationAndAmortization": 123800000,
        "ebitda": 48000000,
        "ebitdaratio": 0.12983500135244794,
        "operatingIncome": 81800000,
        "operatingIncomeRatio": 0.22126048147146335,
        "totalOtherIncomeExpensesNet": -157600000,
        "incomeBeforeTax": -75800000,
        "incomeBeforeTaxRatio": -0.20503110630240737,
        "incomeTaxExpense": -15500000,
        "netIncome": -60300000,
        "netIncomeRatio": -0.1631052204490127,
        "eps": -0.625,
        "epsdiluted": -0.625,
        "weightedAverageShsOut": 96480000,
        "weightedAverageShsOutDil": 96480000,
        "link": "",
        "finalLink": ""
    },
    {
        "date": "1997-12-31",
        "symbol": "DVN",
        "reportedCurrency": "USD",
        "cik": "0001090012",
        "fillingDate": "1997-12-31",
        "acceptedDate": "1997-12-30 19:00:00",
        "calendarYear": "1997",
        "period": "FY",
        "revenue": 313100000,
        "costOfRevenue": 65700000,
        "grossProfit": 247400000,
        "grossProfitRatio": 0.7901628872564675,
        "researchAndDevelopmentExpenses": 0,
        "generalAndAdministrativeExpenses": 0,
        "sellingAndMarketingExpenses": 0,
        "sellingGeneralAndAdministrativeExpenses": 12900000,
        "otherExpenses": 103200000,
        "operatingExpenses": 116100000,
        "costAndExpenses": 181800000,
        "interestIncome": 0,
        "interestExpense": 0,
        "depreciationAndAmortization": 85300000,
        "ebitda": 206600000,
        "ebitdaratio": 0.6598530820824018,
        "operatingIncome": 131300000,
        "operatingIncomeRatio": 0.41935483870967744,
        "totalOtherIncomeExpensesNet": -10000000,
        "incomeBeforeTax": 121300000,
        "incomeBeforeTaxRatio": 0.3874161609709358,
        "incomeTaxExpense": 46000000,
        "netIncome": 75300000,
        "netIncomeRatio": 0.24049824337272438,
        "eps": 1.17,
        "epsdiluted": 1.085,
        "weightedAverageShsOut": 64358974,
        "weightedAverageShsOutDil": 69400922,
        "link": "",
        "finalLink": ""
    },
    {
        "date": "1996-12-31",
        "symbol": "DVN",
        "reportedCurrency": "USD",
        "cik": "0001090012",
        "fillingDate": "1996-12-31",
        "acceptedDate": "1996-12-30 19:00:00",
        "calendarYear": "1996",
        "period": "FY",
        "revenue": 162600000,
        "costOfRevenue": 31600000,
        "grossProfit": 131000000,
        "grossProfitRatio": 0.8056580565805658,
        "researchAndDevelopmentExpenses": 0,
        "generalAndAdministrativeExpenses": 0,
        "sellingAndMarketingExpenses": 0,
        "sellingGeneralAndAdministrativeExpenses": 9100000,
        "otherExpenses": 54100000,
        "operatingExpenses": 63200000,
        "costAndExpenses": 94800000,
        "interestIncome": 0,
        "interestExpense": 0,
        "depreciationAndAmortization": 43400000,
        "ebitda": 102700000,
        "ebitdaratio": 0.6316113161131611,
        "operatingIncome": 67800000,
        "operatingIncomeRatio": 0.41697416974169743,
        "totalOtherIncomeExpensesNet": -8500000,
        "incomeBeforeTax": 59300000,
        "incomeBeforeTaxRatio": 0.36469864698646987,
        "incomeTaxExpense": 24500000,
        "netIncome": 34800000,
        "netIncomeRatio": 0.2140221402214022,
        "eps": 0.785,
        "epsdiluted": 0.76,
        "weightedAverageShsOut": 44331210,
        "weightedAverageShsOutDil": 45789474,
        "link": "",
        "finalLink": ""
    },
    {
        "date": "1995-12-31",
        "symbol": "DVN",
        "reportedCurrency": "USD",
        "cik": "0001090012",
        "fillingDate": "1995-12-31",
        "acceptedDate": "1995-12-30 19:00:00",
        "calendarYear": "1995",
        "period": "FY",
        "revenue": 113300000,
        "costOfRevenue": 27300000,
        "grossProfit": 86000000,
        "grossProfitRatio": 0.7590467784642542,
        "researchAndDevelopmentExpenses": 0,
        "generalAndAdministrativeExpenses": 0,
        "sellingAndMarketingExpenses": 0,
        "sellingGeneralAndAdministrativeExpenses": 8400000,
        "otherExpenses": 44900000,
        "operatingExpenses": 53300000,
        "costAndExpenses": 80600000,
        "interestIncome": 0,
        "interestExpense": 0,
        "depreciationAndAmortization": 38100000,
        "ebitda": 63700000,
        "ebitdaratio": 0.5622241835834069,
        "operatingIncome": 32700000,
        "operatingIncomeRatio": 0.2886142983230362,
        "totalOtherIncomeExpensesNet": -7100000,
        "incomeBeforeTax": 25600000,
        "incomeBeforeTaxRatio": 0.22594880847308033,
        "incomeTaxExpense": 11100000,
        "netIncome": 14500000,
        "netIncomeRatio": 0.12797881729920565,
        "eps": 0.33,
        "epsdiluted": 0.325,
        "weightedAverageShsOut": 43939394,
        "weightedAverageShsOutDil": 44615385,
        "link": "",
        "finalLink": ""
    },
    {
        "date": "1994-12-31",
        "symbol": "DVN",
        "reportedCurrency": "USD",
        "cik": "0001090012",
        "fillingDate": "1994-12-31",
        "acceptedDate": "1994-12-30 19:00:00",
        "calendarYear": "1994",
        "period": "FY",
        "revenue": 100800000,
        "costOfRevenue": 31400000,
        "grossProfit": 69400000,
        "grossProfitRatio": 0.6884920634920635,
        "researchAndDevelopmentExpenses": 0,
        "generalAndAdministrativeExpenses": 0,
        "sellingAndMarketingExpenses": 0,
        "sellingGeneralAndAdministrativeExpenses": 8400000,
        "otherExpenses": 34100000,
        "operatingExpenses": 42500000,
        "costAndExpenses": 73900000,
        "interestIncome": 0,
        "interestExpense": 0,
        "depreciationAndAmortization": 34100000,
        "ebitda": 55400000,
        "ebitdaratio": 0.5496031746031746,
        "operatingIncome": 26900000,
        "operatingIncomeRatio": 0.26686507936507936,
        "totalOtherIncomeExpensesNet": -5600000,
        "incomeBeforeTax": 21300000,
        "incomeBeforeTaxRatio": 0.2113095238095238,
        "incomeTaxExpense": 7600000,
        "netIncome": 13700000,
        "netIncomeRatio": 0.1359126984126984,
        "eps": 0.32,
        "epsdiluted": 0.315,
        "weightedAverageShsOut": 42812500,
        "weightedAverageShsOutDil": 43492063,
        "link": "",
        "finalLink": ""
    },
    {
        "date": "1993-12-31",
        "symbol": "DVN",
        "reportedCurrency": "USD",
        "cik": "0001090012",
        "fillingDate": "1993-12-31",
        "acceptedDate": "1993-12-30 19:00:00",
        "calendarYear": "1993",
        "period": "FY",
        "revenue": 98800000,
        "costOfRevenue": 33300000,
        "grossProfit": 65500000,
        "grossProfitRatio": 0.6629554655870445,
        "researchAndDevelopmentExpenses": 0,
        "generalAndAdministrativeExpenses": 0,
        "sellingAndMarketingExpenses": 0,
        "sellingGeneralAndAdministrativeExpenses": 7600000,
        "otherExpenses": 28400000,
        "operatingExpenses": 36000000,
        "costAndExpenses": 69300000,
        "interestIncome": 0,
        "interestExpense": 0,
        "depreciationAndAmortization": 28400000,
        "ebitda": 55700000,
        "ebitdaratio": 0.5637651821862348,
        "operatingIncome": 29500000,
        "operatingIncomeRatio": 0.298582995951417,
        "totalOtherIncomeExpensesNet": -3500000,
        "incomeBeforeTax": 26000000,
        "incomeBeforeTaxRatio": 0.2631578947368421,
        "incomeTaxExpense": 6800000,
        "netIncome": 20500000,
        "netIncomeRatio": 0.2074898785425101,
        "eps": 0.52,
        "epsdiluted": 0.52,
        "weightedAverageShsOut": 39423077,
        "weightedAverageShsOutDil": 39423077,
        "link": "",
        "finalLink": ""
    },
    {
        "date": "1992-12-31",
        "symbol": "DVN",
        "reportedCurrency": "USD",
        "cik": "0001090012",
        "fillingDate": "1992-12-31",
        "acceptedDate": "1992-12-30 19:00:00",
        "calendarYear": "1992",
        "period": "FY",
        "revenue": 68700000,
        "costOfRevenue": 23000000,
        "grossProfit": 45700000,
        "grossProfitRatio": 0.6652110625909753,
        "researchAndDevelopmentExpenses": 0,
        "generalAndAdministrativeExpenses": 0,
        "sellingAndMarketingExpenses": 0,
        "sellingGeneralAndAdministrativeExpenses": 6500000,
        "otherExpenses": 19900000,
        "operatingExpenses": 26400000,
        "costAndExpenses": 49400000,
        "interestIncome": 0,
        "interestExpense": 0,
        "depreciationAndAmortization": 19900000,
        "ebitda": 39400000,
        "ebitdaratio": 0.5735080058224163,
        "operatingIncome": 19300000,
        "operatingIncomeRatio": 0.28093158660844253,
        "totalOtherIncomeExpensesNet": 200000,
        "incomeBeforeTax": 19500000,
        "incomeBeforeTaxRatio": 0.2838427947598253,
        "incomeTaxExpense": 4900000,
        "netIncome": 14600000,
        "netIncomeRatio": 0.21251819505094613,
        "eps": 0.47,
        "epsdiluted": 0.45,
        "weightedAverageShsOut": 30416667,
        "weightedAverageShsOutDil": 30416667,
        "link": "",
        "finalLink": ""
    },
    {
        "date": "1991-12-31",
        "symbol": "DVN",
        "reportedCurrency": "USD",
        "cik": "0001090012",
        "fillingDate": "1991-12-31",
        "acceptedDate": "1991-12-30 19:00:00",
        "calendarYear": "1991",
        "period": "FY",
        "revenue": 28500000,
        "costOfRevenue": 10600000,
        "grossProfit": 17900000,
        "grossProfitRatio": 0.6280701754385964,
        "researchAndDevelopmentExpenses": 0,
        "generalAndAdministrativeExpenses": 0,
        "sellingAndMarketingExpenses": 0,
        "sellingGeneralAndAdministrativeExpenses": 30800000,
        "otherExpenses": 7800000,
        "operatingExpenses": 38600000,
        "costAndExpenses": 49200000,
        "interestIncome": 0,
        "interestExpense": 0,
        "depreciationAndAmortization": 7800000,
        "ebitda": -13300000,
        "ebitdaratio": -0.4666666666666667,
        "operatingIncome": -20700000,
        "operatingIncomeRatio": -0.7263157894736842,
        "totalOtherIncomeExpensesNet": -400000,
        "incomeBeforeTax": -21100000,
        "incomeBeforeTaxRatio": -0.7403508771929824,
        "incomeTaxExpense": -6100000,
        "netIncome": -15000000,
        "netIncomeRatio": -0.5263157894736842,
        "eps": -0.995,
        "epsdiluted": -0.995,
        "weightedAverageShsOut": 17386935,
        "weightedAverageShsOutDil": 17386935,
        "link": "",
        "finalLink": ""
    },
    {
        "date": "1990-12-31",
        "symbol": "DVN",
        "reportedCurrency": "USD",
        "cik": "0001090012",
        "fillingDate": "1990-12-31",
        "acceptedDate": "1990-12-30 19:00:00",
        "calendarYear": "1990",
        "period": "FY",
        "revenue": 29600000,
        "costOfRevenue": 12000000,
        "grossProfit": 17600000,
        "grossProfitRatio": 0.5945945945945946,
        "researchAndDevelopmentExpenses": 0,
        "generalAndAdministrativeExpenses": 0,
        "sellingAndMarketingExpenses": 0,
        "sellingGeneralAndAdministrativeExpenses": 4900000,
        "otherExpenses": 8000000,
        "operatingExpenses": 12900000,
        "costAndExpenses": 24900000,
        "interestIncome": 0,
        "interestExpense": 0,
        "depreciationAndAmortization": 8000000,
        "ebitda": 12100000,
        "ebitdaratio": 0.40878378378378377,
        "operatingIncome": 4700000,
        "operatingIncomeRatio": 0.15878378378378377,
        "totalOtherIncomeExpensesNet": -600000,
        "incomeBeforeTax": 4100000,
        "incomeBeforeTaxRatio": 0.13851351351351351,
        "incomeTaxExpense": 1500000,
        "netIncome": 2600000,
        "netIncomeRatio": 0.08783783783783784,
        "eps": 0.015,
        "epsdiluted": 0.015,
        "weightedAverageShsOut": 17358000,
        "weightedAverageShsOutDil": 17358000,
        "link": "",
        "finalLink": ""
    },
    {
        "date": "1989-12-31",
        "symbol": "DVN",
        "reportedCurrency": "USD",
        "cik": "0001090012",
        "fillingDate": "1989-12-31",
        "acceptedDate": "1989-12-30 19:00:00",
        "calendarYear": "1989",
        "period": "FY",
        "revenue": 26300000,
        "costOfRevenue": 11800000,
        "grossProfit": 14500000,
        "grossProfitRatio": 0.5513307984790875,
        "researchAndDevelopmentExpenses": 0,
        "generalAndAdministrativeExpenses": 0,
        "sellingAndMarketingExpenses": 0,
        "sellingGeneralAndAdministrativeExpenses": 6100000,
        "otherExpenses": 7300000,
        "operatingExpenses": 13400000,
        "costAndExpenses": 25200000,
        "interestIncome": 0,
        "interestExpense": 0,
        "depreciationAndAmortization": 7300000,
        "ebitda": 8700000,
        "ebitdaratio": 0.33079847908745247,
        "operatingIncome": 1100000,
        "operatingIncomeRatio": 0.04182509505703422,
        "totalOtherIncomeExpensesNet": 300000,
        "incomeBeforeTax": 1400000,
        "incomeBeforeTaxRatio": 0.053231939163498096,
        "incomeTaxExpense": 500000,
        "netIncome": 900000,
        "netIncomeRatio": 0.034220532319391636,
        "eps": 0.005,
        "epsdiluted": 0.005,
        "weightedAverageShsOut": 20000000,
        "weightedAverageShsOutDil": 20000000,
        "link": "",
        "finalLink": ""
    },
    {
        "date": "1988-12-31",
        "symbol": "DVN",
        "reportedCurrency": "USD",
        "cik": "0001090012",
        "fillingDate": "1988-12-31",
        "acceptedDate": "1988-12-30 19:00:00",
        "calendarYear": "1988",
        "period": "FY",
        "revenue": 18300000,
        "costOfRevenue": 8400000,
        "grossProfit": 9900000,
        "grossProfitRatio": 0.5409836065573771,
        "researchAndDevelopmentExpenses": 0,
        "generalAndAdministrativeExpenses": 0,
        "sellingAndMarketingExpenses": 0,
        "sellingGeneralAndAdministrativeExpenses": 3900000,
        "otherExpenses": 7400000,
        "operatingExpenses": 11300000,
        "costAndExpenses": 19700000,
        "interestIncome": 0,
        "interestExpense": 0,
        "depreciationAndAmortization": 7400000,
        "ebitda": 6700000,
        "ebitdaratio": 0.366120218579235,
        "operatingIncome": -1400000,
        "operatingIncomeRatio": -0.07650273224043716,
        "totalOtherIncomeExpensesNet": 700000,
        "incomeBeforeTax": -700000,
        "incomeBeforeTaxRatio": -0.03825136612021858,
        "incomeTaxExpense": -100000,
        "netIncome": -600000,
        "netIncomeRatio": -0.03278688524590164,
        "eps": -0.04,
        "epsdiluted": -0.04,
        "weightedAverageShsOut": 15000000,
        "weightedAverageShsOutDil": 15000000,
        "link": "",
        "finalLink": ""
    },
    {
        "date": "1987-12-31",
        "symbol": "DVN",
        "reportedCurrency": "USD",
        "cik": "0001090012",
        "fillingDate": "1987-12-31",
        "acceptedDate": "1987-12-30 19:00:00",
        "calendarYear": "1987",
        "period": "FY",
        "revenue": 15200000,
        "costOfRevenue": 5100000,
        "grossProfit": 10100000,
        "grossProfitRatio": 0.6644736842105263,
        "researchAndDevelopmentExpenses": 0,
        "generalAndAdministrativeExpenses": 0,
        "sellingAndMarketingExpenses": 0,
        "sellingGeneralAndAdministrativeExpenses": 4100000,
        "otherExpenses": 7700000,
        "operatingExpenses": 11800000,
        "costAndExpenses": 16900000,
        "interestIncome": 0,
        "interestExpense": 0,
        "depreciationAndAmortization": 7700000,
        "ebitda": 6400000,
        "ebitdaratio": 0.42105263157894735,
        "operatingIncome": -1700000,
        "operatingIncomeRatio": -0.1118421052631579,
        "totalOtherIncomeExpensesNet": 400000,
        "incomeBeforeTax": -1300000,
        "incomeBeforeTaxRatio": -0.08552631578947369,
        "incomeTaxExpense": -200000,
        "netIncome": -1100000,
        "netIncomeRatio": -0.07236842105263158,
        "eps": -0.085,
        "epsdiluted": -0.085,
        "weightedAverageShsOut": 12941176,
        "weightedAverageShsOutDil": 12941176,
        "link": "",
        "finalLink": ""
    }
]