[
    {
        "date": "2022-05-31",
        "symbol": "FDX",
        "reportedCurrency": "USD",
        "cik": "0001048911",
        "fillingDate": "2022-07-18",
        "acceptedDate": "2022-07-18 16:16:49",
        "calendarYear": "2022",
        "period": "FY",
        "revenue": 93512000000,
        "costOfRevenue": 73345000000,
        "grossProfit": 20167000000,
        "grossProfitRatio": 0.21566216100607408,
        "researchAndDevelopmentExpenses": 0,
        "generalAndAdministrativeExpenses": 0,
        "sellingAndMarketingExpenses": 0,
        "sellingGeneralAndAdministrativeExpenses": 0,
        "otherExpenses": 13644000000,
        "operatingExpenses": 13644000000,
        "costAndExpenses": 86989000000,
        "interestIncome": 53000000,
        "interestExpense": 689000000,
        "depreciationAndAmortization": 3970000000,
        "ebitda": 9555000000,
        "ebitdaratio": 0.10217939943536658,
        "operatingIncome": 6245000000,
        "operatingIncomeRatio": 0.06678287278638036,
        "totalOtherIncomeExpensesNet": -1349000000,
        "incomeBeforeTax": 4896000000,
        "incomeBeforeTaxRatio": 0.052356916759346395,
        "incomeTaxExpense": 1070000000,
        "netIncome": 3826000000,
        "netIncomeRatio": 0.04091453503293695,
        "eps": 14.383459,
        "epsdiluted": 14.33,
        "weightedAverageShsOut": 266000000,
        "weightedAverageShsOutDil": 266992324,
        "link": "https://www.sec.gov/Archives/edgar/data/1048911/000095017022012762/0000950170-22-012762-index.htm",
        "finalLink": "https://www.sec.gov/Archives/edgar/data/1048911/000095017022012762/fdx-20220531.htm"
    },
    {
        "date": "2021-05-31",
        "symbol": "FDX",
        "reportedCurrency": "USD",
        "cik": "0001048911",
        "fillingDate": "2021-07-19",
        "acceptedDate": "2021-07-19 16:18:04",
        "calendarYear": "2021",
        "period": "FY",
        "revenue": 83959000000,
        "costOfRevenue": 66005000000,
        "grossProfit": 17954000000,
        "grossProfitRatio": 0.21384247072976095,
        "researchAndDevelopmentExpenses": 0,
        "generalAndAdministrativeExpenses": 0,
        "sellingAndMarketingExpenses": 0,
        "sellingGeneralAndAdministrativeExpenses": 0,
        "otherExpenses": 11981000000,
        "operatingExpenses": 11981000000,
        "costAndExpenses": 77986000000,
        "interestIncome": 52000000,
        "interestExpense": 793000000,
        "depreciationAndAmortization": 3793000000,
        "ebitda": 11260000000,
        "ebitdaratio": 0.13411307900284664,
        "operatingIncome": 5857000000,
        "operatingIncomeRatio": 0.06976024011720006,
        "totalOtherIncomeExpensesNet": 817000000,
        "incomeBeforeTax": 6674000000,
        "incomeBeforeTaxRatio": 0.07949118021891638,
        "incomeTaxExpense": 1443000000,
        "netIncome": 5231000000,
        "netIncomeRatio": 0.06230421991686418,
        "eps": 19.518657,
        "epsdiluted": 19.45,
        "weightedAverageShsOut": 268000000,
        "weightedAverageShsOutDil": 268946015,
        "link": "https://www.sec.gov/Archives/edgar/data/1048911/000156459021037031/0001564590-21-037031-index.htm",
        "finalLink": "https://www.sec.gov/Archives/edgar/data/1048911/000156459021037031/fdx-10k_20210531.htm"
    },
    {
        "date": "2020-05-31",
        "symbol": "FDX",
        "reportedCurrency": "USD",
        "cik": "0001048911",
        "fillingDate": "2020-07-20",
        "acceptedDate": "2020-07-20 16:16:44",
        "calendarYear": "2020",
        "period": "FY",
        "revenue": 69217000000,
        "costOfRevenue": 55873000000,
        "grossProfit": 13344000000,
        "grossProfitRatio": 0.1927850094629932,
        "researchAndDevelopmentExpenses": 0,
        "generalAndAdministrativeExpenses": 0,
        "sellingAndMarketingExpenses": 0,
        "sellingGeneralAndAdministrativeExpenses": 0,
        "otherExpenses": 10492000000,
        "operatingExpenses": 10492000000,
        "costAndExpenses": 66365000000,
        "interestIncome": 55000000,
        "interestExpense": 672000000,
        "depreciationAndAmortization": 3615000000,
        "ebitda": 5956000000,
        "ebitdaratio": 0.08604822514700146,
        "operatingIncome": 2417000000,
        "operatingIncomeRatio": 0.03491916725659881,
        "totalOtherIncomeExpensesNet": -748000000,
        "incomeBeforeTax": 1669000000,
        "incomeBeforeTaxRatio": 0.024112573500729588,
        "incomeTaxExpense": 383000000,
        "netIncome": 1286000000,
        "netIncomeRatio": 0.018579250762096017,
        "eps": 4.908397,
        "epsdiluted": 4.9,
        "weightedAverageShsOut": 262000000,
        "weightedAverageShsOutDil": 262448980,
        "link": "https://www.sec.gov/Archives/edgar/data/1048911/000156459020032775/0001564590-20-032775-index.htm",
        "finalLink": "https://www.sec.gov/Archives/edgar/data/1048911/000156459020032775/fdx-10k_20200531.htm"
    },
    {
        "date": "2019-05-31",
        "symbol": "FDX",
        "reportedCurrency": "USD",
        "cik": "0001048911",
        "fillingDate": "2019-07-16",
        "acceptedDate": "2019-07-16 16:18:24",
        "calendarYear": "2019",
        "period": "FY",
        "revenue": 69693000000,
        "costOfRevenue": 54866000000,
        "grossProfit": 14827000000,
        "grossProfitRatio": 0.2127473347395004,
        "researchAndDevelopmentExpenses": 0,
        "generalAndAdministrativeExpenses": 0,
        "sellingAndMarketingExpenses": 0,
        "sellingGeneralAndAdministrativeExpenses": 0,
        "otherExpenses": 10041000000,
        "operatingExpenses": 10041000000,
        "costAndExpenses": 64907000000,
        "interestIncome": 59000000,
        "interestExpense": 588000000,
        "depreciationAndAmortization": 3353000000,
        "ebitda": 4596000000,
        "ebitdaratio": 0.06594636477121088,
        "operatingIncome": 4466000000,
        "operatingIncomeRatio": 0.06408104113756044,
        "totalOtherIncomeExpensesNet": -3811000000,
        "incomeBeforeTax": 655000000,
        "incomeBeforeTaxRatio": 0.009398361384931055,
        "incomeTaxExpense": 115000000,
        "netIncome": 540000000,
        "netIncomeRatio": 0.007748267401317206,
        "eps": 2.070485,
        "epsdiluted": 2.03,
        "weightedAverageShsOut": 260808410,
        "weightedAverageShsOutDil": 265000000,
        "link": "https://www.sec.gov/Archives/edgar/data/1048911/000156459019025065/fdx-10k_20190531.htm",
        "finalLink": "https://www.sec.gov/Archives/edgar/data/1048911/000156459019025065/fdx-10k_20190531.htm"
    },
    {
        "date": "2018-05-31",
        "symbol": "FDX",
        "reportedCurrency": "USD",
        "cik": "0001048911",
        "fillingDate": "2018-07-16",
        "acceptedDate": "2018-07-16 16:19:05",
        "calendarYear": "2018",
        "period": "FY",
        "revenue": 65450000000,
        "costOfRevenue": 50750000000,
        "grossProfit": 14700000000,
        "grossProfitRatio": 0.22459893048128343,
        "researchAndDevelopmentExpenses": 0,
        "generalAndAdministrativeExpenses": 0,
        "sellingAndMarketingExpenses": 0,
        "sellingGeneralAndAdministrativeExpenses": 0,
        "otherExpenses": 9450000000,
        "operatingExpenses": 9450000000,
        "costAndExpenses": 60200000000,
        "interestIncome": 48000000,
        "interestExpense": 558000000,
        "depreciationAndAmortization": 3095000000,
        "ebitda": 8006000000,
        "ebitdaratio": 0.12232238349885409,
        "operatingIncome": 4870000000,
        "operatingIncomeRatio": 0.0744079449961803,
        "totalOtherIncomeExpensesNet": -517000000,
        "incomeBeforeTax": 4353000000,
        "incomeBeforeTaxRatio": 0.06650878533231475,
        "incomeTaxExpense": -219000000,
        "netIncome": 4572000000,
        "netIncomeRatio": 0.06985485103132162,
        "eps": 17.192828,
        "epsdiluted": 16.79,
        "weightedAverageShsOut": 265924840,
        "weightedAverageShsOutDil": 272304943,
        "link": "https://www.sec.gov/Archives/edgar/data/1048911/000156459018016877/0001564590-18-016877-index.html",
        "finalLink": "https://www.sec.gov/Archives/edgar/data/1048911/000156459018016877/fdx-10k_20180531.htm"
    },
    {
        "date": "2017-05-31",
        "symbol": "FDX",
        "reportedCurrency": "USD",
        "cik": "0001048911",
        "fillingDate": "2017-07-17",
        "acceptedDate": "2017-07-17 08:46:15",
        "calendarYear": "2017",
        "period": "FY",
        "revenue": 60319000000,
        "costOfRevenue": 46530000000,
        "grossProfit": 13789000000,
        "grossProfitRatio": 0.22860126991495217,
        "researchAndDevelopmentExpenses": 0,
        "generalAndAdministrativeExpenses": 0,
        "sellingAndMarketingExpenses": 0,
        "sellingGeneralAndAdministrativeExpenses": 0,
        "otherExpenses": 8752000000,
        "operatingExpenses": 8752000000,
        "costAndExpenses": 55282000000,
        "interestIncome": 33000000,
        "interestExpense": 512000000,
        "depreciationAndAmortization": 2995000000,
        "ebitda": 8086000000,
        "ebitdaratio": 0.134053946517681,
        "operatingIncome": 5037000000,
        "operatingIncomeRatio": 0.08350602629353934,
        "totalOtherIncomeExpensesNet": -458000000,
        "incomeBeforeTax": 4579000000,
        "incomeBeforeTaxRatio": 0.07591306221920124,
        "incomeTaxExpense": 1582000000,
        "netIncome": 2997000000,
        "netIncomeRatio": 0.04968583696679322,
        "eps": 11.172104,
        "epsdiluted": 11.07,
        "weightedAverageShsOut": 268257434,
        "weightedAverageShsOutDil": 270000000,
        "link": "https://www.sec.gov/Archives/edgar/data/1048911/000095012317006152/0000950123-17-006152-index.html",
        "finalLink": "https://www.sec.gov/Archives/edgar/data/1048911/000095012317006152/fdx-10k_20170531.htm"
    },
    {
        "date": "2016-05-31",
        "symbol": "FDX",
        "reportedCurrency": "USD",
        "cik": "0001048911",
        "fillingDate": "2016-07-18",
        "acceptedDate": "2016-07-18 16:29:51",
        "calendarYear": "2016",
        "period": "FY",
        "revenue": 50365000000,
        "costOfRevenue": 40037000000,
        "grossProfit": 10328000000,
        "grossProfitRatio": 0.20506303980939145,
        "researchAndDevelopmentExpenses": 0,
        "generalAndAdministrativeExpenses": 0,
        "sellingAndMarketingExpenses": 0,
        "sellingGeneralAndAdministrativeExpenses": 0,
        "otherExpenses": 7251000000,
        "operatingExpenses": 7251000000,
        "costAndExpenses": 47288000000,
        "interestIncome": 21000000,
        "interestExpense": 336000000,
        "depreciationAndAmortization": 2631000000,
        "ebitda": 5707000000,
        "ebitdaratio": 0.11331281643998808,
        "operatingIncome": 3077000000,
        "operatingIncomeRatio": 0.061094013699990075,
        "totalOtherIncomeExpensesNet": -337000000,
        "incomeBeforeTax": 2740000000,
        "incomeBeforeTaxRatio": 0.05440285912836295,
        "incomeTaxExpense": 920000000,
        "netIncome": 1820000000,
        "netIncomeRatio": 0.03613620569840167,
        "eps": 6.854363,
        "epsdiluted": 6.51,
        "weightedAverageShsOut": 265524323,
        "weightedAverageShsOutDil": 279000000,
        "link": "https://www.sec.gov/Archives/edgar/data/1048911/000119312516650267/0001193125-16-650267-index.html",
        "finalLink": "https://www.sec.gov/Archives/edgar/data/1048911/000119312516650267/d207174d10k.htm"
    },
    {
        "date": "2015-05-31",
        "symbol": "FDX",
        "reportedCurrency": "USD",
        "cik": "0001048911",
        "fillingDate": "2015-07-14",
        "acceptedDate": "2015-07-14 17:22:58",
        "calendarYear": "2015",
        "period": "FY",
        "revenue": 47453000000,
        "costOfRevenue": 38895000000,
        "grossProfit": 8558000000,
        "grossProfitRatio": 0.18034686953406528,
        "researchAndDevelopmentExpenses": 0,
        "generalAndAdministrativeExpenses": 0,
        "sellingAndMarketingExpenses": 0,
        "sellingGeneralAndAdministrativeExpenses": 0,
        "otherExpenses": 6415000000,
        "operatingExpenses": 6415000000,
        "costAndExpenses": 45310000000,
        "interestIncome": 14000000,
        "interestExpense": 235000000,
        "depreciationAndAmortization": 2611000000,
        "ebitda": 4473000000,
        "ebitdaratio": 0.09426169051482519,
        "operatingIncome": 1867000000,
        "operatingIncomeRatio": 0.03934419320169431,
        "totalOtherIncomeExpensesNet": -240000000,
        "incomeBeforeTax": 1627000000,
        "incomeBeforeTaxRatio": 0.03428655722504373,
        "incomeTaxExpense": 577000000,
        "netIncome": 1050000000,
        "netIncomeRatio": 0.02212715739784629,
        "eps": 3.717733,
        "epsdiluted": 3.65,
        "weightedAverageShsOut": 282430208,
        "weightedAverageShsOutDil": 287000000,
        "link": "https://www.sec.gov/Archives/edgar/data/1048911/000119312515252494/0001193125-15-252494-index.html",
        "finalLink": "https://www.sec.gov/Archives/edgar/data/1048911/000119312515252494/d48165d10k.htm"
    },
    {
        "date": "2014-05-31",
        "symbol": "FDX",
        "reportedCurrency": "USD",
        "cik": "0001048911",
        "fillingDate": "2014-07-14",
        "acceptedDate": "2014-07-14 17:06:58",
        "calendarYear": "2014",
        "period": "FY",
        "revenue": 45567000000,
        "costOfRevenue": 36194000000,
        "grossProfit": 9373000000,
        "grossProfitRatio": 0.20569710536133606,
        "researchAndDevelopmentExpenses": 0,
        "generalAndAdministrativeExpenses": 0,
        "sellingAndMarketingExpenses": 0,
        "sellingGeneralAndAdministrativeExpenses": 0,
        "otherExpenses": 5927000000,
        "operatingExpenses": 5927000000,
        "costAndExpenses": 42121000000,
        "interestIncome": 18000000,
        "interestExpense": 160000000,
        "depreciationAndAmortization": 2587000000,
        "ebitda": 6036000000,
        "ebitdaratio": 0.13246428336296004,
        "operatingIncome": 3446000000,
        "operatingIncomeRatio": 0.07562490398753484,
        "totalOtherIncomeExpensesNet": -157000000,
        "incomeBeforeTax": 3289000000,
        "incomeBeforeTaxRatio": 0.07217942809489324,
        "incomeTaxExpense": 1192000000,
        "netIncome": 2097000000,
        "netIncomeRatio": 0.04602014615840411,
        "eps": 7.346987,
        "epsdiluted": 6.75,
        "weightedAverageShsOut": 285423144,
        "weightedAverageShsOutDil": 310000000,
        "link": "https://www.sec.gov/Archives/edgar/data/1048911/000119312514267851/0001193125-14-267851-index.html",
        "finalLink": "https://www.sec.gov/Archives/edgar/data/1048911/000119312514267851/d752614d10k.htm"
    },
    {
        "date": "2013-05-31",
        "symbol": "FDX",
        "reportedCurrency": "USD",
        "cik": "0001048911",
        "fillingDate": "2013-07-15",
        "acceptedDate": "2013-07-15 17:29:55",
        "calendarYear": "2013",
        "period": "FY",
        "revenue": 44287000000,
        "costOfRevenue": 35404000000,
        "grossProfit": 8883000000,
        "grossProfitRatio": 0.20057804773409804,
        "researchAndDevelopmentExpenses": 0,
        "generalAndAdministrativeExpenses": 0,
        "sellingAndMarketingExpenses": 0,
        "sellingGeneralAndAdministrativeExpenses": 0,
        "otherExpenses": 5672000000,
        "operatingExpenses": 5672000000,
        "costAndExpenses": 41076000000,
        "interestIncome": 21000000,
        "interestExpense": 82000000,
        "depreciationAndAmortization": 2386000000,
        "ebitda": 4923000000,
        "ebitdaratio": 0.11116128886580712,
        "operatingIncome": 2551000000,
        "operatingIncomeRatio": 0.057601553503285385,
        "totalOtherIncomeExpensesNet": -96000000,
        "incomeBeforeTax": 2455000000,
        "incomeBeforeTaxRatio": 0.05543387450041773,
        "incomeTaxExpense": 894000000,
        "netIncome": 1561000000,
        "netIncomeRatio": 0.03524736378621266,
        "eps": 4.930754,
        "epsdiluted": 4.91,
        "weightedAverageShsOut": 316584465,
        "weightedAverageShsOutDil": 317000000,
        "link": "https://www.sec.gov/Archives/edgar/data/1048911/000119312513290858/0001193125-13-290858-index.html",
        "finalLink": "https://www.sec.gov/Archives/edgar/data/1048911/000119312513290858/d563720d10k.htm"
    },
    {
        "date": "2012-05-31",
        "symbol": "FDX",
        "reportedCurrency": "USD",
        "cik": "0001048911",
        "fillingDate": "2012-07-16",
        "acceptedDate": "2012-07-16 17:07:39",
        "calendarYear": "2012",
        "period": "FY",
        "revenue": 42680000000,
        "costOfRevenue": 15758000000,
        "grossProfit": 26922000000,
        "grossProfitRatio": 0.6307872539831303,
        "researchAndDevelopmentExpenses": 0,
        "generalAndAdministrativeExpenses": 16099000000,
        "sellingAndMarketingExpenses": 0,
        "sellingGeneralAndAdministrativeExpenses": 16099000000,
        "otherExpenses": 2113000000,
        "operatingExpenses": 18212000000,
        "costAndExpenses": 33970000000,
        "interestIncome": 13000000,
        "interestExpense": 52000000,
        "depreciationAndAmortization": 2113000000,
        "ebitda": 5306000000,
        "ebitdaratio": 0.12432052483598875,
        "operatingIncome": 3186000000,
        "operatingIncomeRatio": 0.0746485473289597,
        "totalOtherIncomeExpensesNet": -45000000,
        "incomeBeforeTax": 3141000000,
        "incomeBeforeTaxRatio": 0.0735941893158388,
        "incomeTaxExpense": 1109000000,
        "netIncome": 2032000000,
        "netIncomeRatio": 0.04761012183692596,
        "eps": 6.418198,
        "epsdiluted": 6.41,
        "weightedAverageShsOut": 316599754,
        "weightedAverageShsOutDil": 317000000,
        "link": "https://www.sec.gov/Archives/edgar/data/1048911/000119312512303558/0001193125-12-303558-index.html",
        "finalLink": "https://www.sec.gov/Archives/edgar/data/1048911/000119312512303558/d375407d10k.htm"
    },
    {
        "date": "2011-05-31",
        "symbol": "FDX",
        "reportedCurrency": "USD",
        "cik": "0001048911",
        "fillingDate": "2011-07-12",
        "acceptedDate": "2011-07-12 17:20:39",
        "calendarYear": "2011",
        "period": "FY",
        "revenue": 39304000000,
        "costOfRevenue": 14266000000,
        "grossProfit": 25038000000,
        "grossProfitRatio": 0.6370343985345003,
        "researchAndDevelopmentExpenses": 0,
        "generalAndAdministrativeExpenses": 15276000000,
        "sellingAndMarketingExpenses": 0,
        "sellingGeneralAndAdministrativeExpenses": 15276000000,
        "otherExpenses": 1973000000,
        "operatingExpenses": 17249000000,
        "costAndExpenses": 31515000000,
        "interestIncome": 9000000,
        "interestExpense": 86000000,
        "depreciationAndAmortization": 1973000000,
        "ebitda": 4324000000,
        "ebitdaratio": 0.11001424791369835,
        "operatingIncome": 2378000000,
        "operatingIncomeRatio": 0.06050274781192754,
        "totalOtherIncomeExpensesNet": -113000000,
        "incomeBeforeTax": 2265000000,
        "incomeBeforeTaxRatio": 0.057627722369224504,
        "incomeTaxExpense": 813000000,
        "netIncome": 1452000000,
        "netIncomeRatio": 0.036942804803582335,
        "eps": 4.580442,
        "epsdiluted": 4.57,
        "weightedAverageShsOut": 317000000,
        "weightedAverageShsOutDil": 317000000,
        "link": "https://www.sec.gov/Archives/edgar/data/1048911/000095012311065246/0000950123-11-065246-index.html",
        "finalLink": "https://www.sec.gov/Archives/edgar/data/1048911/000095012311065246/c19556e10vk.htm"
    },
    {
        "date": "2010-05-31",
        "symbol": "FDX",
        "reportedCurrency": "USD",
        "cik": "0001048911",
        "fillingDate": "2010-07-15",
        "acceptedDate": "2010-07-15 15:33:17",
        "calendarYear": "2010",
        "period": "FY",
        "revenue": 34734000000,
        "costOfRevenue": 4821000000,
        "grossProfit": 29913000000,
        "grossProfitRatio": 0.8612022801865608,
        "researchAndDevelopmentExpenses": 0,
        "generalAndAdministrativeExpenses": 21114000000,
        "sellingAndMarketingExpenses": 0,
        "sellingGeneralAndAdministrativeExpenses": 21114000000,
        "otherExpenses": 1958000000,
        "operatingExpenses": 23072000000,
        "costAndExpenses": 27893000000,
        "interestIncome": 8000000,
        "interestExpense": 79000000,
        "depreciationAndAmortization": 1958000000,
        "ebitda": 3931000000,
        "ebitdaratio": 0.11317441123970749,
        "operatingIncome": 1998000000,
        "operatingIncomeRatio": 0.05752288823631024,
        "totalOtherIncomeExpensesNet": -104000000,
        "incomeBeforeTax": 1894000000,
        "incomeBeforeTaxRatio": 0.05452870386364945,
        "incomeTaxExpense": 710000000,
        "netIncome": 1184000000,
        "netIncomeRatio": 0.034087637473369035,
        "eps": 3.770701,
        "epsdiluted": 3.76,
        "weightedAverageShsOut": 312000000,
        "weightedAverageShsOutDil": 314000000,
        "link": "https://www.sec.gov/Archives/edgar/data/1048911/000095012310065730/0000950123-10-065730-index.html",
        "finalLink": "https://www.sec.gov/Archives/edgar/data/1048911/000095012310065730/c03116e10vk.htm"
    },
    {
        "date": "2009-05-31",
        "symbol": "FDX",
        "reportedCurrency": "USD",
        "cik": "0001048911",
        "fillingDate": "2009-07-15",
        "acceptedDate": "2009-07-15 15:08:15",
        "calendarYear": "2009",
        "period": "FY",
        "revenue": 35497000000,
        "costOfRevenue": 5709000000,
        "grossProfit": 29788000000,
        "grossProfitRatio": 0.8391695072823055,
        "researchAndDevelopmentExpenses": 0,
        "generalAndAdministrativeExpenses": 20730000000,
        "sellingAndMarketingExpenses": 0,
        "sellingGeneralAndAdministrativeExpenses": 20730000000,
        "otherExpenses": 1975000000,
        "operatingExpenses": 22705000000,
        "costAndExpenses": 28414000000,
        "interestIncome": 26000000,
        "interestExpense": 85000000,
        "depreciationAndAmortization": 1975000000,
        "ebitda": 2737000000,
        "ebitdaratio": 0.07710510747387103,
        "operatingIncome": 747000000,
        "operatingIncomeRatio": 0.021044031890018876,
        "totalOtherIncomeExpensesNet": -70000000,
        "incomeBeforeTax": 677000000,
        "incomeBeforeTaxRatio": 0.019072034256416036,
        "incomeTaxExpense": 579000000,
        "netIncome": 98000000,
        "netIncomeRatio": 0.0027607966870439754,
        "eps": 0.31,
        "epsdiluted": 0.31,
        "weightedAverageShsOut": 311000000,
        "weightedAverageShsOutDil": 312000000,
        "link": "https://www.sec.gov/Archives/edgar/data/1048911/000095012309022417/0000950123-09-022417-index.html",
        "finalLink": "https://www.sec.gov/Archives/edgar/data/1048911/000095012309022417/c87681e10vk.htm"
    },
    {
        "date": "2008-05-31",
        "symbol": "FDX",
        "reportedCurrency": "USD",
        "cik": "0001048911",
        "fillingDate": "2008-07-16",
        "acceptedDate": "2008-07-16 16:15:58",
        "calendarYear": "2008",
        "period": "FY",
        "revenue": 37953000000,
        "costOfRevenue": 8670000000,
        "grossProfit": 29283000000,
        "grossProfitRatio": 0.7715595605090506,
        "researchAndDevelopmentExpenses": 0,
        "generalAndAdministrativeExpenses": 14202000000,
        "sellingAndMarketingExpenses": 0,
        "sellingGeneralAndAdministrativeExpenses": 14202000000,
        "otherExpenses": 7242000000,
        "operatingExpenses": 21444000000,
        "costAndExpenses": 30114000000,
        "interestIncome": 44000000,
        "interestExpense": 98000000,
        "depreciationAndAmortization": 1946000000,
        "ebitda": 4060000000,
        "ebitdaratio": 0.10697441572471214,
        "operatingIncome": 2075000000,
        "operatingIncomeRatio": 0.054672884883935395,
        "totalOtherIncomeExpensesNet": -59000000,
        "incomeBeforeTax": 2016000000,
        "incomeBeforeTaxRatio": 0.053118330566753615,
        "incomeTaxExpense": 891000000,
        "netIncome": 1125000000,
        "netIncomeRatio": 0.029641925539483045,
        "eps": 3.64,
        "epsdiluted": 3.6,
        "weightedAverageShsOut": 309000000,
        "weightedAverageShsOutDil": 312000000,
        "link": "https://www.sec.gov/Archives/edgar/data/1048911/000136231008003669/0001362310-08-003669-index.html",
        "finalLink": "https://www.sec.gov/Archives/edgar/data/1048911/000136231008003669/c73820e10vk.htm"
    },
    {
        "date": "2007-05-31",
        "symbol": "FDX",
        "reportedCurrency": "USD",
        "cik": "0001048911",
        "fillingDate": "2007-07-13",
        "acceptedDate": "2007-07-12 20:37:01",
        "calendarYear": "2007",
        "period": "FY",
        "revenue": 35214000000,
        "costOfRevenue": 4686000000,
        "grossProfit": 30528000000,
        "grossProfitRatio": 0.8669279263929119,
        "researchAndDevelopmentExpenses": 0,
        "generalAndAdministrativeExpenses": 16083000000,
        "sellingAndMarketingExpenses": 0,
        "sellingGeneralAndAdministrativeExpenses": 16083000000,
        "otherExpenses": 15855000000,
        "operatingExpenses": 31938000000,
        "costAndExpenses": 36624000000,
        "interestIncome": 0,
        "interestExpense": 0,
        "depreciationAndAmortization": 1742000000,
        "ebitda": 4957000000,
        "ebitdaratio": 0.14076787641279037,
        "operatingIncome": 3276000000,
        "operatingIncomeRatio": 0.09303118078037144,
        "totalOtherIncomeExpensesNet": -61000000,
        "incomeBeforeTax": 3215000000,
        "incomeBeforeTaxRatio": 0.09129891520418015,
        "incomeTaxExpense": 1199000000,
        "netIncome": 2016000000,
        "netIncomeRatio": 0.057249957403305504,
        "eps": 6.57,
        "epsdiluted": 6.48,
        "weightedAverageShsOut": 306849315,
        "weightedAverageShsOutDil": 311111111,
        "link": "https://www.sec.gov/Archives/edgar/data/1048911/000095014407006556/0000950144-07-006556-index.html",
        "finalLink": "https://www.sec.gov/Archives/edgar/data/1048911/000095014407006556/g08210e10vk.htm"
    },
    {
        "date": "2006-05-31",
        "symbol": "FDX",
        "reportedCurrency": "USD",
        "cik": "0001048911",
        "fillingDate": "2006-07-14",
        "acceptedDate": "2006-07-14 10:14:10",
        "calendarYear": "2006",
        "period": "FY",
        "revenue": 32294000000,
        "costOfRevenue": 4780000000,
        "grossProfit": 27514000000,
        "grossProfitRatio": 0.851984888833839,
        "researchAndDevelopmentExpenses": 0,
        "generalAndAdministrativeExpenses": 14961000000,
        "sellingAndMarketingExpenses": 0,
        "sellingGeneralAndAdministrativeExpenses": 14961000000,
        "otherExpenses": 14319000000,
        "operatingExpenses": 29280000000,
        "costAndExpenses": 34060000000,
        "interestIncome": 0,
        "interestExpense": 0,
        "depreciationAndAmortization": 1548000000,
        "ebitda": 4447000000,
        "ebitdaratio": 0.13770359819161454,
        "operatingIncome": 3014000000,
        "operatingIncomeRatio": 0.09333003034619435,
        "totalOtherIncomeExpensesNet": -115000000,
        "incomeBeforeTax": 2899000000,
        "incomeBeforeTaxRatio": 0.08976899733696662,
        "incomeTaxExpense": 1093000000,
        "netIncome": 1806000000,
        "netIncomeRatio": 0.055923700997089244,
        "eps": 5.94,
        "epsdiluted": 5.83,
        "weightedAverageShsOut": 304040404,
        "weightedAverageShsOutDil": 309777015,
        "link": "https://www.sec.gov/Archives/edgar/data/1048911/000110465906046980/a06-14845_110k.htm",
        "finalLink": "https://www.sec.gov/Archives/edgar/data/1048911/000110465906046980/a06-14845_110k.htm"
    },
    {
        "date": "2005-05-31",
        "symbol": "FDX",
        "reportedCurrency": "USD",
        "cik": "0001048911",
        "fillingDate": "2005-07-14",
        "acceptedDate": "2005-07-14 17:00:17",
        "calendarYear": "2005",
        "period": "FY",
        "revenue": 29363000000,
        "costOfRevenue": 4628000000,
        "grossProfit": 24735000000,
        "grossProfitRatio": 0.8423866771106494,
        "researchAndDevelopmentExpenses": 0,
        "generalAndAdministrativeExpenses": 14277000000,
        "sellingAndMarketingExpenses": 0,
        "sellingGeneralAndAdministrativeExpenses": 14277000000,
        "otherExpenses": 10298000000,
        "operatingExpenses": 24575000000,
        "costAndExpenses": 29203000000,
        "interestIncome": 0,
        "interestExpense": 0,
        "depreciationAndAmortization": 1462000000,
        "ebitda": 3775000000,
        "ebitdaratio": 0.1285631577154923,
        "operatingIncome": 2471000000,
        "operatingIncomeRatio": 0.08415352654701495,
        "totalOtherIncomeExpensesNet": -158000000,
        "incomeBeforeTax": 2313000000,
        "incomeBeforeTaxRatio": 0.07877260497905528,
        "incomeTaxExpense": 864000000,
        "netIncome": 1449000000,
        "netIncomeRatio": 0.04934781868337704,
        "eps": 4.81,
        "epsdiluted": 4.72,
        "weightedAverageShsOut": 301247401,
        "weightedAverageShsOutDil": 306991525,
        "link": "https://www.sec.gov/Archives/edgar/data/1048911/000110465905032464/a05-11806_110k.htm",
        "finalLink": "https://www.sec.gov/Archives/edgar/data/1048911/000110465905032464/a05-11806_110k.htm"
    },
    {
        "date": "2004-05-31",
        "symbol": "FDX",
        "reportedCurrency": "USD",
        "cik": "0001048911",
        "fillingDate": "2004-07-16",
        "acceptedDate": "2004-07-16 12:51:04",
        "calendarYear": "2004",
        "period": "FY",
        "revenue": 24710000000,
        "costOfRevenue": 3836000000,
        "grossProfit": 20874000000,
        "grossProfitRatio": 0.8447592067988668,
        "researchAndDevelopmentExpenses": 0,
        "generalAndAdministrativeExpenses": 12646000000,
        "sellingAndMarketingExpenses": 0,
        "sellingGeneralAndAdministrativeExpenses": 12646000000,
        "otherExpenses": 8708000000,
        "operatingExpenses": 21354000000,
        "costAndExpenses": 25190000000,
        "interestIncome": 0,
        "interestExpense": 0,
        "depreciationAndAmortization": 1375000000,
        "ebitda": 2694000000,
        "ebitdaratio": 0.10902468636179684,
        "operatingIncome": 1440000000,
        "operatingIncomeRatio": 0.05827600161877782,
        "totalOtherIncomeExpensesNet": -121000000,
        "incomeBeforeTax": 1319000000,
        "incomeBeforeTaxRatio": 0.05337919870497774,
        "incomeTaxExpense": 481000000,
        "netIncome": 838000000,
        "netIncomeRatio": 0.033913395386483206,
        "eps": 2.8,
        "epsdiluted": 2.76,
        "weightedAverageShsOut": 299285714,
        "weightedAverageShsOutDil": 303623188,
        "link": "https://www.sec.gov/Archives/edgar/data/1048911/000104746904023480/0001047469-04-023480-index.html",
        "finalLink": "https://www.sec.gov/Archives/edgar/data/1048911/000104746904023480/a2140026z10-k.htm"
    },
    {
        "date": "2003-05-31",
        "symbol": "FDX",
        "reportedCurrency": "USD",
        "cik": "0001048911",
        "fillingDate": "2003-07-17",
        "acceptedDate": "2003-07-17 17:10:08",
        "calendarYear": "2003",
        "period": "FY",
        "revenue": 22487000000,
        "costOfRevenue": 3606000000,
        "grossProfit": 18881000000,
        "grossProfitRatio": 0.8396406812825188,
        "researchAndDevelopmentExpenses": 0,
        "generalAndAdministrativeExpenses": 11581000000,
        "sellingAndMarketingExpenses": 0,
        "sellingGeneralAndAdministrativeExpenses": 11581000000,
        "otherExpenses": 8086000000,
        "operatingExpenses": 19667000000,
        "costAndExpenses": 23273000000,
        "interestIncome": 0,
        "interestExpense": 0,
        "depreciationAndAmortization": 1351000000,
        "ebitda": 2689000000,
        "ebitdaratio": 0.11958020189442789,
        "operatingIncome": 1471000000,
        "operatingIncomeRatio": 0.0654155734424334,
        "totalOtherIncomeExpensesNet": -133000000,
        "incomeBeforeTax": 1338000000,
        "incomeBeforeTaxRatio": 0.0595010450482501,
        "incomeTaxExpense": 508000000,
        "netIncome": 830000000,
        "netIncomeRatio": 0.036910214790767996,
        "eps": 2.79,
        "epsdiluted": 2.74,
        "weightedAverageShsOut": 297491039,
        "weightedAverageShsOutDil": 302919708,
        "link": "https://www.sec.gov/Archives/edgar/data/1048911/000104746903024446/0001047469-03-024446-index.html",
        "finalLink": "https://www.sec.gov/Archives/edgar/data/1048911/000104746903024446/a2114486z10-k.htm"
    },
    {
        "date": "2002-05-31",
        "symbol": "FDX",
        "reportedCurrency": "USD",
        "cik": "0001048911",
        "fillingDate": "2002-07-19",
        "acceptedDate": "2002-07-19 16:51:46",
        "calendarYear": "2002",
        "period": "FY",
        "revenue": 20607000000,
        "costOfRevenue": 3560000000,
        "grossProfit": 17047000000,
        "grossProfitRatio": 0.827243169796671,
        "researchAndDevelopmentExpenses": 0,
        "generalAndAdministrativeExpenses": 10879000000,
        "sellingAndMarketingExpenses": 0,
        "sellingGeneralAndAdministrativeExpenses": 10879000000,
        "otherExpenses": 7426000000,
        "operatingExpenses": 18305000000,
        "costAndExpenses": 21865000000,
        "interestIncome": 0,
        "interestExpense": 0,
        "depreciationAndAmortization": 1364000000,
        "ebitda": 2509000000,
        "ebitdaratio": 0.12175474353375067,
        "operatingIncome": 1321000000,
        "operatingIncomeRatio": 0.06410443053331392,
        "totalOtherIncomeExpensesNet": -161000000,
        "incomeBeforeTax": 1160000000,
        "incomeBeforeTaxRatio": 0.05629155141456787,
        "incomeTaxExpense": 435000000,
        "netIncome": 710000000,
        "netIncomeRatio": 0.03445431164167516,
        "eps": 2.38,
        "epsdiluted": 2.34,
        "weightedAverageShsOut": 298319328,
        "weightedAverageShsOutDil": 303418803,
        "link": "https://www.sec.gov/Archives/edgar/data/1048911/000093176302002489/0000931763-02-002489-index.html",
        "finalLink": "https://www.sec.gov/Archives/edgar/data/1048911/000093176302002489/d10k.htm"
    },
    {
        "date": "2001-05-31",
        "symbol": "FDX",
        "reportedCurrency": "USD",
        "cik": "0001048911",
        "fillingDate": "2001-07-24",
        "acceptedDate": "2001-07-24 00:00:00",
        "calendarYear": "2001",
        "period": "FY",
        "revenue": 19629040000,
        "costOfRevenue": 3300096000,
        "grossProfit": 16328944000,
        "grossProfitRatio": 0.8318768518480781,
        "researchAndDevelopmentExpenses": 0,
        "generalAndAdministrativeExpenses": 9913461000,
        "sellingAndMarketingExpenses": 0,
        "sellingGeneralAndAdministrativeExpenses": 9913461000,
        "otherExpenses": 7501948000,
        "operatingExpenses": 17415409000,
        "costAndExpenses": 20715505000,
        "interestIncome": 0,
        "interestExpense": 0,
        "depreciationAndAmortization": 1275774000,
        "ebitda": 2203347000,
        "ebitdaratio": 0.11224935096163643,
        "operatingIncome": 1070890000,
        "operatingIncomeRatio": 0.05455641233600828,
        "totalOtherIncomeExpensesNet": -143317000,
        "incomeBeforeTax": 927573000,
        "incomeBeforeTaxRatio": 0.04725513830528645,
        "incomeTaxExpense": 343202000,
        "netIncome": 584371000,
        "netIncomeRatio": 0.029770737641779732,
        "eps": 2.02,
        "epsdiluted": 1.99,
        "weightedAverageShsOut": 289292574,
        "weightedAverageShsOutDil": 293653769,
        "link": "https://www.sec.gov/Archives/edgar/data/1048911/000095014401504782/0000950144-01-504782-index.htm",
        "finalLink": "https://www.sec.gov/Archives/edgar/data/1048911/000095014401504782/g70602e10-k405.txt"
    },
    {
        "date": "2000-05-31",
        "symbol": "FDX",
        "reportedCurrency": "USD",
        "cik": "0001048911",
        "fillingDate": "2000-08-02",
        "acceptedDate": "2000-08-02 00:00:00",
        "calendarYear": "2000",
        "period": "FY",
        "revenue": 18256945000,
        "costOfRevenue": 3077426000,
        "grossProfit": 15179519000,
        "grossProfitRatio": 0.8314380637067155,
        "researchAndDevelopmentExpenses": 0,
        "generalAndAdministrativeExpenses": 9136677000,
        "sellingAndMarketingExpenses": 0,
        "sellingGeneralAndAdministrativeExpenses": 9136677000,
        "otherExpenses": 6980681000,
        "operatingExpenses": 16117358000,
        "costAndExpenses": 19194784000,
        "interestIncome": 0,
        "interestExpense": 0,
        "depreciationAndAmortization": 1154863000,
        "ebitda": 2292603000,
        "ebitdaratio": 0.1255742951517902,
        "operatingIncome": 1221074000,
        "operatingIncomeRatio": 0.06688271230482427,
        "totalOtherIncomeExpensesNet": -83334000,
        "incomeBeforeTax": 1137740000,
        "incomeBeforeTaxRatio": 0.06231820274421597,
        "incomeTaxExpense": 449404000,
        "netIncome": 688336000,
        "netIncomeRatio": 0.03770269341338323,
        "eps": 2.36,
        "epsdiluted": 2.32,
        "weightedAverageShsOut": 291667797,
        "weightedAverageShsOutDil": 296696552,
        "link": "https://www.sec.gov/Archives/edgar/data/1048911/000091205700034322/0000912057-00-034322-index.htm",
        "finalLink": "https://www.sec.gov/Archives/edgar/data/1048911/000091205700034322/a10-k405.txt"
    },
    {
        "date": "1999-05-31",
        "symbol": "FDX",
        "reportedCurrency": "USD",
        "cik": "0001048911",
        "fillingDate": "1999-08-16",
        "acceptedDate": "1999-08-16 00:00:00",
        "calendarYear": "1999",
        "period": "FY",
        "revenue": 16773470000,
        "costOfRevenue": 1396694000,
        "grossProfit": 15376776000,
        "grossProfitRatio": 0.9167319582650459,
        "researchAndDevelopmentExpenses": 0,
        "generalAndAdministrativeExpenses": 8484400000,
        "sellingAndMarketingExpenses": 0,
        "sellingGeneralAndAdministrativeExpenses": 8484400000,
        "otherExpenses": 6521061000,
        "operatingExpenses": 15005461000,
        "costAndExpenses": 16402155000,
        "interestIncome": 0,
        "interestExpense": 0,
        "depreciationAndAmortization": 1035118000,
        "ebitda": 2096182000,
        "ebitdaratio": 0.12497008669047013,
        "operatingIncome": 1163086000,
        "operatingIncomeRatio": 0.06934081021994852,
        "totalOtherIncomeExpensesNet": -102022000,
        "incomeBeforeTax": 1061064000,
        "incomeBeforeTaxRatio": 0.06325846709118627,
        "incomeTaxExpense": 429731000,
        "netIncome": 631333000,
        "netIncomeRatio": 0.037638783149819326,
        "eps": 2.13,
        "epsdiluted": 2.1,
        "weightedAverageShsOut": 296400469,
        "weightedAverageShsOutDil": 300634762,
        "link": "https://www.sec.gov/Archives/edgar/data/1048911/000104746999032609/0001047469-99-032609-index.html",
        "finalLink": "https://www.sec.gov/Archives/edgar/data/1048911/0001047469-99-032609.txt"
    },
    {
        "date": "1998-05-31",
        "symbol": "FDX",
        "reportedCurrency": "USD",
        "cik": "0001048911",
        "fillingDate": "1998-08-14",
        "acceptedDate": "1998-08-14 00:00:00",
        "calendarYear": "1998",
        "period": "FY",
        "revenue": 15872810000,
        "costOfRevenue": 1285655000,
        "grossProfit": 14587155000,
        "grossProfitRatio": 0.9190026844648175,
        "researchAndDevelopmentExpenses": 0,
        "generalAndAdministrativeExpenses": 7932800000,
        "sellingAndMarketingExpenses": 0,
        "sellingGeneralAndAdministrativeExpenses": 7932800000,
        "otherExpenses": 6130627000,
        "operatingExpenses": 14063427000,
        "costAndExpenses": 15349082000,
        "interestIncome": 0,
        "interestExpense": 0,
        "depreciationAndAmortization": 963731000,
        "ebitda": 1868124000,
        "ebitdaratio": 0.11769333848260012,
        "operatingIncome": 1010660000,
        "operatingIncomeRatio": 0.06367240583110363,
        "totalOtherIncomeExpensesNet": -111142000,
        "incomeBeforeTax": 899518000,
        "incomeBeforeTaxRatio": 0.05667036901468612,
        "incomeTaxExpense": 401363000,
        "netIncome": 503030000,
        "netIncomeRatio": 0.03169130103617444,
        "eps": 1.715,
        "epsdiluted": 1.685,
        "weightedAverageShsOut": 293311953,
        "weightedAverageShsOutDil": 298534125,
        "link": "https://www.sec.gov/Archives/edgar/data/1048911/000089924398001610/0000899243-98-001610-index.html",
        "finalLink": "https://www.sec.gov/Archives/edgar/data/1048911/0000899243-98-001610.txt"
    },
    {
        "date": "1997-05-31",
        "symbol": "FDX",
        "reportedCurrency": "USD",
        "cik": "0001048911",
        "fillingDate": "1997-05-31",
        "acceptedDate": "1997-05-30 20:00:00",
        "calendarYear": "1997",
        "period": "FY",
        "revenue": 11519800000,
        "costOfRevenue": 6018600000,
        "grossProfit": 5501200000,
        "grossProfitRatio": 0.4775430128995295,
        "researchAndDevelopmentExpenses": 0,
        "generalAndAdministrativeExpenses": 6166200000,
        "sellingAndMarketingExpenses": 0,
        "sellingGeneralAndAdministrativeExpenses": 6166200000,
        "otherExpenses": 3239800000,
        "operatingExpenses": 9406000000,
        "costAndExpenses": 15424600000,
        "interestIncome": 0,
        "interestExpense": 0,
        "depreciationAndAmortization": -777400000,
        "ebitda": -149200000,
        "ebitdaratio": -0.012951613743294154,
        "operatingIncome": -3904800000,
        "operatingIncomeRatio": -0.33896421812878696,
        "totalOtherIncomeExpensesNet": 4533000000,
        "incomeBeforeTax": 628200000,
        "incomeBeforeTaxRatio": 0.05453219673952673,
        "incomeTaxExpense": 267000000,
        "netIncome": 361200000,
        "netIncomeRatio": 0.03135471101928853,
        "eps": 1.56,
        "epsdiluted": 1.56,
        "weightedAverageShsOut": 231282000,
        "weightedAverageShsOutDil": 231282000,
        "link": "",
        "finalLink": ""
    },
    {
        "date": "1996-05-31",
        "symbol": "FDX",
        "reportedCurrency": "USD",
        "cik": "0001048911",
        "fillingDate": "1996-05-31",
        "acceptedDate": "1996-05-30 20:00:00",
        "calendarYear": "1996",
        "period": "FY",
        "revenue": 10273600000,
        "costOfRevenue": 5269400000,
        "grossProfit": 5004200000,
        "grossProfitRatio": 0.4870931319109173,
        "researchAndDevelopmentExpenses": 0,
        "generalAndAdministrativeExpenses": 5579100000,
        "sellingAndMarketingExpenses": 0,
        "sellingGeneralAndAdministrativeExpenses": 5579100000,
        "otherExpenses": 2874500000,
        "operatingExpenses": 8453600000,
        "costAndExpenses": 13723000000,
        "interestIncome": 0,
        "interestExpense": 0,
        "depreciationAndAmortization": -719600000,
        "ebitda": -179600000,
        "ebitdaratio": -0.01748170066967762,
        "operatingIncome": -3449400000,
        "operatingIncomeRatio": -0.3357537766703006,
        "totalOtherIncomeExpensesNet": 3989400000,
        "incomeBeforeTax": 540000000,
        "incomeBeforeTaxRatio": 0.052561906245133155,
        "incomeTaxExpense": 232200000,
        "netIncome": 307800000,
        "netIncomeRatio": 0.0299602865597259,
        "eps": 1.35,
        "epsdiluted": 1.35,
        "weightedAverageShsOut": 228552000,
        "weightedAverageShsOutDil": 228552000,
        "link": "",
        "finalLink": ""
    },
    {
        "date": "1995-05-31",
        "symbol": "FDX",
        "reportedCurrency": "USD",
        "cik": "0001048911",
        "fillingDate": "1995-05-31",
        "acceptedDate": "1995-05-30 20:00:00",
        "calendarYear": "1995",
        "period": "FY",
        "revenue": 9392100000,
        "costOfRevenue": 4542100000,
        "grossProfit": 4850000000,
        "grossProfitRatio": 0.5163914353552453,
        "researchAndDevelopmentExpenses": 0,
        "generalAndAdministrativeExpenses": 5243800000,
        "sellingAndMarketingExpenses": 0,
        "sellingGeneralAndAdministrativeExpenses": 5243800000,
        "otherExpenses": 2510600000,
        "operatingExpenses": 7754400000,
        "costAndExpenses": 12296500000,
        "interestIncome": 0,
        "interestExpense": 0,
        "depreciationAndAmortization": -652300000,
        "ebitda": -130200000,
        "ebitdaratio": -0.013862714408918134,
        "operatingIncome": -2904400000,
        "operatingIncomeRatio": -0.3092386154321185,
        "totalOtherIncomeExpensesNet": 3426500000,
        "incomeBeforeTax": 522100000,
        "incomeBeforeTaxRatio": 0.05558927183483992,
        "incomeTaxExpense": 224500000,
        "netIncome": 297600000,
        "netIncomeRatio": 0.031686204363241446,
        "eps": 1.32,
        "epsdiluted": 1.32,
        "weightedAverageShsOut": 225976000,
        "weightedAverageShsOutDil": 225976000,
        "link": "",
        "finalLink": ""
    },
    {
        "date": "1994-05-31",
        "symbol": "FDX",
        "reportedCurrency": "USD",
        "cik": "0001048911",
        "fillingDate": "1994-05-31",
        "acceptedDate": "1994-05-30 20:00:00",
        "calendarYear": "1994",
        "period": "FY",
        "revenue": 8479500000,
        "costOfRevenue": 3244700000,
        "grossProfit": 5234800000,
        "grossProfitRatio": 0.6173477209741141,
        "researchAndDevelopmentExpenses": 0,
        "generalAndAdministrativeExpenses": 4104800000,
        "sellingAndMarketingExpenses": 0,
        "sellingGeneralAndAdministrativeExpenses": 4104800000,
        "otherExpenses": 2203700000,
        "operatingExpenses": 6308500000,
        "costAndExpenses": 9553200000,
        "interestIncome": 0,
        "interestExpense": 0,
        "depreciationAndAmortization": -599400000,
        "ebitda": -220900000,
        "ebitdaratio": -0.02605106433162333,
        "operatingIncome": -1073700000,
        "operatingIncomeRatio": -0.1266230320183973,
        "totalOtherIncomeExpensesNet": 1452200000,
        "incomeBeforeTax": 378500000,
        "incomeBeforeTaxRatio": 0.04463706586473259,
        "incomeTaxExpense": 174100000,
        "netIncome": 204400000,
        "netIncomeRatio": 0.02410519488177369,
        "eps": 0.92,
        "epsdiluted": 0.92,
        "weightedAverageShsOut": 222173913,
        "weightedAverageShsOutDil": 222173913,
        "link": "",
        "finalLink": ""
    },
    {
        "date": "1993-05-31",
        "symbol": "FDX",
        "reportedCurrency": "USD",
        "cik": "0001048911",
        "fillingDate": "1993-05-31",
        "acceptedDate": "1993-05-30 20:00:00",
        "calendarYear": "1993",
        "period": "FY",
        "revenue": 7808000000,
        "costOfRevenue": 3056000000,
        "grossProfit": 4752000000,
        "grossProfitRatio": 0.6086065573770492,
        "researchAndDevelopmentExpenses": 0,
        "generalAndAdministrativeExpenses": 0,
        "sellingAndMarketingExpenses": 0,
        "sellingGeneralAndAdministrativeExpenses": 3807500000,
        "otherExpenses": 579900000,
        "operatingExpenses": 4387400000,
        "costAndExpenses": 7443400000,
        "interestIncome": 0,
        "interestExpense": 0,
        "depreciationAndAmortization": -579900000,
        "ebitda": -432200000,
        "ebitdaratio": -0.055353483606557376,
        "operatingIncome": 364600000,
        "operatingIncomeRatio": 0.04669569672131148,
        "totalOtherIncomeExpensesNet": -161000000,
        "incomeBeforeTax": 203600000,
        "incomeBeforeTaxRatio": 0.026075819672131146,
        "incomeTaxExpense": 93800000,
        "netIncome": 53900000,
        "netIncomeRatio": 0.006903176229508197,
        "eps": 0.25,
        "epsdiluted": 0.25,
        "weightedAverageShsOut": 215600000,
        "weightedAverageShsOutDil": 215600000,
        "link": "",
        "finalLink": ""
    },
    {
        "date": "1992-05-31",
        "symbol": "FDX",
        "reportedCurrency": "USD",
        "cik": "0001048911",
        "fillingDate": "1992-05-31",
        "acceptedDate": "1992-05-30 20:00:00",
        "calendarYear": "1992",
        "period": "FY",
        "revenue": 7550100000,
        "costOfRevenue": 3058900000,
        "grossProfit": 4491200000,
        "grossProfitRatio": 0.594853048303996,
        "researchAndDevelopmentExpenses": 0,
        "generalAndAdministrativeExpenses": 0,
        "sellingAndMarketingExpenses": 0,
        "sellingGeneralAndAdministrativeExpenses": 3637100000,
        "otherExpenses": 577200000,
        "operatingExpenses": 4214300000,
        "costAndExpenses": 7273200000,
        "interestIncome": 0,
        "interestExpense": 0,
        "depreciationAndAmortization": -577200000,
        "ebitda": -724000000,
        "ebitdaratio": -0.0958927696321903,
        "operatingIncome": 276900000,
        "operatingIncomeRatio": 0.03667501092700759,
        "totalOtherIncomeExpensesNet": -423700000,
        "incomeBeforeTax": -146800000,
        "incomeBeforeTaxRatio": -0.019443451080118145,
        "incomeTaxExpense": -33000000,
        "netIncome": -113800000,
        "netIncomeRatio": -0.015072648044396763,
        "eps": -0.53,
        "epsdiluted": -0.53,
        "weightedAverageShsOut": 214716981,
        "weightedAverageShsOutDil": 214716981,
        "link": "",
        "finalLink": ""
    },
    {
        "date": "1991-05-31",
        "symbol": "FDX",
        "reportedCurrency": "USD",
        "cik": "0001048911",
        "fillingDate": "1991-05-31",
        "acceptedDate": "1991-05-30 20:00:00",
        "calendarYear": "1991",
        "period": "FY",
        "revenue": 7688300000,
        "costOfRevenue": 3314600000,
        "grossProfit": 4373700000,
        "grossProfitRatio": 0.5688773851176463,
        "researchAndDevelopmentExpenses": 0,
        "generalAndAdministrativeExpenses": 0,
        "sellingAndMarketingExpenses": 0,
        "sellingGeneralAndAdministrativeExpenses": 3438400000,
        "otherExpenses": 534500000,
        "operatingExpenses": 3972900000,
        "costAndExpenses": 7287500000,
        "interestIncome": 0,
        "interestExpense": 0,
        "depreciationAndAmortization": -534500000,
        "ebitda": -493600000,
        "ebitdaratio": -0.06420144895490551,
        "operatingIncome": 400800000,
        "operatingIncomeRatio": 0.05213116033453429,
        "totalOtherIncomeExpensesNet": -359900000,
        "incomeBeforeTax": 40900000,
        "incomeBeforeTaxRatio": 0.005319771601004123,
        "incomeTaxExpense": 35000000,
        "netIncome": 5900000,
        "netIncomeRatio": 0.0007673998153037733,
        "eps": 0.03,
        "epsdiluted": 0.03,
        "weightedAverageShsOut": 196666667,
        "weightedAverageShsOutDil": 196666667,
        "link": "",
        "finalLink": ""
    },
    {
        "date": "1990-05-31",
        "symbol": "FDX",
        "reportedCurrency": "USD",
        "cik": "0001048911",
        "fillingDate": "1990-05-31",
        "acceptedDate": "1990-05-30 20:00:00",
        "calendarYear": "1990",
        "period": "FY",
        "revenue": 7015100000,
        "costOfRevenue": 3077100000,
        "grossProfit": 3938000000,
        "grossProfitRatio": 0.5613604937919631,
        "researchAndDevelopmentExpenses": 0,
        "generalAndAdministrativeExpenses": 0,
        "sellingAndMarketingExpenses": 0,
        "sellingGeneralAndAdministrativeExpenses": 3045300000,
        "otherExpenses": 479200000,
        "operatingExpenses": 3524500000,
        "costAndExpenses": 6601600000,
        "interestIncome": 0,
        "interestExpense": 0,
        "depreciationAndAmortization": -479200000,
        "ebitda": -260700000,
        "ebitdaratio": -0.037162691907456774,
        "operatingIncome": 413500000,
        "operatingIncomeRatio": 0.05894427734458525,
        "totalOtherIncomeExpensesNet": -195000000,
        "incomeBeforeTax": 218500000,
        "incomeBeforeTaxRatio": 0.031147096976522074,
        "incomeTaxExpense": 102700000,
        "netIncome": 115800000,
        "netIncomeRatio": 0.016507248649342134,
        "eps": 0.55,
        "epsdiluted": 0.55,
        "weightedAverageShsOut": 210545455,
        "weightedAverageShsOutDil": 210545455,
        "link": "",
        "finalLink": ""
    },
    {
        "date": "1989-05-31",
        "symbol": "FDX",
        "reportedCurrency": "USD",
        "cik": "0001048911",
        "fillingDate": "1989-05-31",
        "acceptedDate": "1989-05-30 20:00:00",
        "calendarYear": "1989",
        "period": "FY",
        "revenue": 5167000000,
        "costOfRevenue": 1767100000,
        "grossProfit": 3399900000,
        "grossProfitRatio": 0.6580027095026127,
        "researchAndDevelopmentExpenses": 0,
        "generalAndAdministrativeExpenses": 0,
        "sellingAndMarketingExpenses": 0,
        "sellingGeneralAndAdministrativeExpenses": 2588100000,
        "otherExpenses": 387300000,
        "operatingExpenses": 2975400000,
        "costAndExpenses": 4742500000,
        "interestIncome": 0,
        "interestExpense": 0,
        "depreciationAndAmortization": 387300000,
        "ebitda": 685700000,
        "ebitdaratio": 0.13270756725372557,
        "operatingIncome": 424500000,
        "operatingIncomeRatio": 0.08215598993613316,
        "totalOtherIncomeExpensesNet": -126100000,
        "incomeBeforeTax": 298400000,
        "incomeBeforeTaxRatio": 0.05775111283143023,
        "incomeTaxExpense": 131900000,
        "netIncome": 166500000,
        "netIncomeRatio": 0.03222372750145152,
        "eps": 0.8,
        "epsdiluted": 0.8,
        "weightedAverageShsOut": 208125000,
        "weightedAverageShsOutDil": 208125000,
        "link": "",
        "finalLink": ""
    },
    {
        "date": "1988-05-31",
        "symbol": "FDX",
        "reportedCurrency": "USD",
        "cik": "0001048911",
        "fillingDate": "1988-05-31",
        "acceptedDate": "1988-05-30 20:00:00",
        "calendarYear": "1988",
        "period": "FY",
        "revenue": 3882800000,
        "costOfRevenue": 2164100000,
        "grossProfit": 1718700000,
        "grossProfitRatio": 0.4426444833625219,
        "researchAndDevelopmentExpenses": 0,
        "generalAndAdministrativeExpenses": 0,
        "sellingAndMarketingExpenses": 0,
        "sellingGeneralAndAdministrativeExpenses": 1049700000,
        "otherExpenses": 289600000,
        "operatingExpenses": 1339300000,
        "costAndExpenses": 3503400000,
        "interestIncome": 0,
        "interestExpense": 0,
        "depreciationAndAmortization": 289600000,
        "ebitda": 591900000,
        "ebitdaratio": 0.15244153703512928,
        "operatingIncome": 379400000,
        "operatingIncomeRatio": 0.09771299062532193,
        "totalOtherIncomeExpensesNet": -77100000,
        "incomeBeforeTax": 302300000,
        "incomeBeforeTaxRatio": 0.07785618625734006,
        "incomeTaxExpense": 114600000,
        "netIncome": 187700000,
        "netIncomeRatio": 0.048341403111156894,
        "eps": 0.89,
        "epsdiluted": 0.89,
        "weightedAverageShsOut": 210898876,
        "weightedAverageShsOutDil": 210898876,
        "link": "",
        "finalLink": ""
    },
    {
        "date": "1987-05-31",
        "symbol": "FDX",
        "reportedCurrency": "USD",
        "cik": "0001048911",
        "fillingDate": "1987-05-31",
        "acceptedDate": "1987-05-30 20:00:00",
        "calendarYear": "1987",
        "period": "FY",
        "revenue": 3178300000,
        "costOfRevenue": 966200000,
        "grossProfit": 2212100000,
        "grossProfitRatio": 0.6960010068275493,
        "researchAndDevelopmentExpenses": 0,
        "generalAndAdministrativeExpenses": 0,
        "sellingAndMarketingExpenses": 0,
        "sellingGeneralAndAdministrativeExpenses": 1608000000,
        "otherExpenses": 239300000,
        "operatingExpenses": 1847300000,
        "costAndExpenses": 2813500000,
        "interestIncome": 0,
        "interestExpense": 0,
        "depreciationAndAmortization": 239300000,
        "ebitda": 318700000,
        "ebitdaratio": 0.10027373123997105,
        "operatingIncome": 364800000,
        "operatingIncomeRatio": 0.11477834062234528,
        "totalOtherIncomeExpensesNet": -52900000,
        "incomeBeforeTax": 311900000,
        "incomeBeforeTaxRatio": 0.09813422269766857,
        "incomeTaxExpense": 144900000,
        "netIncome": -65500000,
        "netIncomeRatio": -0.02060850140011956,
        "eps": -0.31,
        "epsdiluted": -0.31,
        "weightedAverageShsOut": 211290323,
        "weightedAverageShsOutDil": 211290323,
        "link": "",
        "finalLink": ""
    },
    {
        "date": "1986-05-31",
        "symbol": "FDX",
        "reportedCurrency": "USD",
        "cik": "0001048911",
        "fillingDate": "1986-05-31",
        "acceptedDate": "1986-05-30 20:00:00",
        "calendarYear": "1986",
        "period": "FY",
        "revenue": 2606200000,
        "costOfRevenue": 679300000,
        "grossProfit": 1926900000,
        "grossProfitRatio": 0.7393523137134526,
        "researchAndDevelopmentExpenses": 0,
        "generalAndAdministrativeExpenses": 0,
        "sellingAndMarketingExpenses": 0,
        "sellingGeneralAndAdministrativeExpenses": 1502400000,
        "otherExpenses": 212400000,
        "operatingExpenses": 1714800000,
        "costAndExpenses": 2394100000,
        "interestIncome": 0,
        "interestExpense": 0,
        "depreciationAndAmortization": 212400000,
        "ebitda": 376600000,
        "ebitdaratio": 0.14450157317166756,
        "operatingIncome": 212100000,
        "operatingIncomeRatio": 0.08138285626582764,
        "totalOtherIncomeExpensesNet": -47900000,
        "incomeBeforeTax": 164200000,
        "incomeBeforeTaxRatio": 0.06300360678382319,
        "incomeTaxExpense": 32400000,
        "netIncome": 131800000,
        "netIncomeRatio": 0.05057171360601642,
        "eps": 0.66,
        "epsdiluted": 0.66,
        "weightedAverageShsOut": 199696970,
        "weightedAverageShsOutDil": 199696970,
        "link": "",
        "finalLink": ""
    }
]