[
    {
        "date": "2021-12-31",
        "symbol": "FSLR",
        "reportedCurrency": "USD",
        "cik": "0001274494",
        "fillingDate": "2022-03-01",
        "acceptedDate": "2022-03-01 16:27:15",
        "calendarYear": "2021",
        "period": "FY",
        "revenue": 2923377000,
        "costOfRevenue": 2193423000,
        "grossProfit": 729954000,
        "grossProfitRatio": 0.24969547205167175,
        "researchAndDevelopmentExpenses": 99115000,
        "generalAndAdministrativeExpenses": 0,
        "sellingAndMarketingExpenses": 0,
        "sellingGeneralAndAdministrativeExpenses": 170320000,
        "otherExpenses": 21052000,
        "operatingExpenses": 290487000,
        "costAndExpenses": 2483910000,
        "interestIncome": 6179000,
        "interestExpense": 13107000,
        "depreciationAndAmortization": 259900000,
        "ebitda": 845169000,
        "ebitdaratio": 0.2891070840332944,
        "operatingIncome": 586751000,
        "operatingIncomeRatio": 0.20071000079702345,
        "totalOtherIncomeExpensesNet": -14589000,
        "incomeBeforeTax": 572162000,
        "incomeBeforeTaxRatio": 0.19571953942307133,
        "incomeTaxExpense": 103469000,
        "netIncome": 468693000,
        "netIncomeRatio": 0.16032588338760276,
        "eps": 4.408323927765237,
        "epsdiluted": 4.38444700137513,
        "weightedAverageShsOut": 106320000,
        "weightedAverageShsOutDil": 106899000,
        "link": "https://www.sec.gov/Archives/edgar/data/1274494/000127449422000009/0001274494-22-000009-index.htm",
        "finalLink": "https://www.sec.gov/Archives/edgar/data/1274494/000127449422000009/fslr-20211231.htm"
    },
    {
        "date": "2020-12-31",
        "symbol": "FSLR",
        "reportedCurrency": "USD",
        "cik": "0001274494",
        "fillingDate": "2021-02-26",
        "acceptedDate": "2021-02-25 18:14:50",
        "calendarYear": "2020",
        "period": "FY",
        "revenue": 2711332000,
        "costOfRevenue": 2030659000,
        "grossProfit": 680673000,
        "grossProfitRatio": 0.25104745564172887,
        "researchAndDevelopmentExpenses": 93738000,
        "generalAndAdministrativeExpenses": 222918000,
        "sellingAndMarketingExpenses": 0,
        "sellingGeneralAndAdministrativeExpenses": 222918000,
        "otherExpenses": 46528000,
        "operatingExpenses": 363184000,
        "costAndExpenses": 2393843000,
        "interestIncome": 16559000,
        "interestExpense": 24036000,
        "depreciationAndAmortization": 232925000,
        "ebitda": 762610000,
        "ebitdaratio": 0.2812676573728337,
        "operatingIncome": 317489000,
        "operatingIncomeRatio": 0.11709705782987845,
        "totalOtherIncomeExpensesNet": -24299000,
        "incomeBeforeTax": 293190000,
        "incomeBeforeTaxRatio": 0.10813504211214267,
        "incomeTaxExpense": 107294000,
        "netIncome": 398355000,
        "netIncomeRatio": 0.14692225076088064,
        "eps": 3.76,
        "epsdiluted": 3.73,
        "weightedAverageShsOut": 105867000,
        "weightedAverageShsOutDil": 106686000,
        "link": "https://www.sec.gov/Archives/edgar/data/1274494/000162828021003343/0001628280-21-003343-index.htm",
        "finalLink": "https://www.sec.gov/Archives/edgar/data/1274494/000162828021003343/fslr-20201231.htm"
    },
    {
        "date": "2019-12-31",
        "symbol": "FSLR",
        "reportedCurrency": "USD",
        "cik": "0001274494",
        "fillingDate": "2020-02-21",
        "acceptedDate": "2020-02-20 20:34:28",
        "calendarYear": "2019",
        "period": "FY",
        "revenue": 3063117000,
        "costOfRevenue": 2513905000,
        "grossProfit": 549212000,
        "grossProfitRatio": 0.17929840747186607,
        "researchAndDevelopmentExpenses": 96611000,
        "generalAndAdministrativeExpenses": 205471000,
        "sellingAndMarketingExpenses": 0,
        "sellingGeneralAndAdministrativeExpenses": 205471000,
        "otherExpenses": 45915000,
        "operatingExpenses": 347997000,
        "costAndExpenses": 2861902000,
        "interestIncome": 48886000,
        "interestExpense": 27066000,
        "depreciationAndAmortization": 205475000,
        "ebitda": 112128000,
        "ebitdaratio": 0.03660584953170251,
        "operatingIncome": -161785000,
        "operatingIncomeRatio": -0.05281711407040606,
        "totalOtherIncomeExpensesNet": 41656000,
        "incomeBeforeTax": -120129000,
        "incomeBeforeTaxRatio": -0.03921789471313045,
        "incomeTaxExpense": -5480000,
        "netIncome": -114933000,
        "netIncomeRatio": -0.037521583406706305,
        "eps": -1.09,
        "epsdiluted": -1.09,
        "weightedAverageShsOut": 105310000,
        "weightedAverageShsOutDil": 105310000,
        "link": "https://www.sec.gov/Archives/edgar/data/1274494/000127449420000011/0001274494-20-000011-index.htm",
        "finalLink": "https://www.sec.gov/Archives/edgar/data/1274494/000127449420000011/fslr10-k12x31x2019.htm"
    },
    {
        "date": "2018-12-31",
        "symbol": "FSLR",
        "reportedCurrency": "USD",
        "cik": "0001274494",
        "fillingDate": "2019-02-22",
        "acceptedDate": "2019-02-21 19:54:11",
        "calendarYear": "2018",
        "period": "FY",
        "revenue": 2244044000,
        "costOfRevenue": 1851867000,
        "grossProfit": 392177000,
        "grossProfitRatio": 0.17476350731090834,
        "researchAndDevelopmentExpenses": 84472000,
        "generalAndAdministrativeExpenses": 176857000,
        "sellingAndMarketingExpenses": 0,
        "sellingGeneralAndAdministrativeExpenses": 176857000,
        "otherExpenses": 90735000,
        "operatingExpenses": 352064000,
        "costAndExpenses": 2203931000,
        "interestIncome": 59788000,
        "interestExpense": 25921000,
        "depreciationAndAmortization": 130736000,
        "ebitda": 304424000,
        "ebitdaratio": 0.13565865909937594,
        "operatingIncome": 40113000,
        "operatingIncomeRatio": 0.017875317952767415,
        "totalOtherIncomeExpensesNet": 73034000,
        "incomeBeforeTax": 113147000,
        "incomeBeforeTaxRatio": 0.05042102561268852,
        "incomeTaxExpense": 3441000,
        "netIncome": 144326000,
        "netIncomeRatio": 0.06431513820584624,
        "eps": 1.38,
        "epsdiluted": 1.36,
        "weightedAverageShsOut": 104745000,
        "weightedAverageShsOutDil": 106113000,
        "link": "https://www.sec.gov/Archives/edgar/data/1274494/000127449419000004/0001274494-19-000004-index.htm",
        "finalLink": "https://www.sec.gov/Archives/edgar/data/1274494/000127449419000004/fslr10-k12x31x2018.htm"
    },
    {
        "date": "2017-12-31",
        "symbol": "FSLR",
        "reportedCurrency": "USD",
        "cik": "0001274494",
        "fillingDate": "2018-02-23",
        "acceptedDate": "2018-02-22 21:45:51",
        "calendarYear": "2017",
        "period": "FY",
        "revenue": 2941324000,
        "costOfRevenue": 2392377000,
        "grossProfit": 548947000,
        "grossProfitRatio": 0.18663261850785565,
        "researchAndDevelopmentExpenses": 88573000,
        "generalAndAdministrativeExpenses": 202699000,
        "sellingAndMarketingExpenses": 0,
        "sellingGeneralAndAdministrativeExpenses": 202699000,
        "otherExpenses": 42643000,
        "operatingExpenses": 333915000,
        "costAndExpenses": 2726292000,
        "interestIncome": 35704000,
        "interestExpense": 25765000,
        "depreciationAndAmortization": 115313000,
        "ebitda": 347459000,
        "ebitdaratio": 0.11813013459244884,
        "operatingIncome": 177851000,
        "operatingIncomeRatio": 0.060466307010040375,
        "totalOtherIncomeExpensesNet": 24264000,
        "incomeBeforeTax": 202115000,
        "incomeBeforeTaxRatio": 0.06871565322283434,
        "incomeTaxExpense": 371996000,
        "netIncome": -165615000,
        "netIncomeRatio": -0.05630627567721203,
        "eps": -1.59,
        "epsdiluted": -1.59,
        "weightedAverageShsOut": 104328000,
        "weightedAverageShsOutDil": 104328000,
        "link": "https://www.sec.gov/Archives/edgar/data/1274494/000127449418000011/0001274494-18-000011-index.htm",
        "finalLink": "https://www.sec.gov/Archives/edgar/data/1274494/000127449418000011/fslr10-k12x31x2017.htm"
    },
    {
        "date": "2016-12-31",
        "symbol": "FSLR",
        "reportedCurrency": "USD",
        "cik": "0001274494",
        "fillingDate": "2017-02-22",
        "acceptedDate": "2017-02-22 10:15:31",
        "calendarYear": "2016",
        "period": "FY",
        "revenue": 2951328000,
        "costOfRevenue": 2247349000,
        "grossProfit": 703979000,
        "grossProfitRatio": 0.23852957041711392,
        "researchAndDevelopmentExpenses": 124762000,
        "generalAndAdministrativeExpenses": 261994000,
        "sellingAndMarketingExpenses": 0,
        "sellingGeneralAndAdministrativeExpenses": 261994000,
        "otherExpenses": 1021000,
        "operatingExpenses": 387777000,
        "costAndExpenses": 2635126000,
        "interestIncome": 25193000,
        "interestExpense": 20538000,
        "depreciationAndAmortization": 230940000,
        "ebitda": -48267000,
        "ebitdaratio": -0.016354332693621312,
        "operatingIncome": -502590000,
        "operatingIncomeRatio": -0.1702928308883323,
        "totalOtherIncomeExpensesNet": 30900000,
        "incomeBeforeTax": -471690000,
        "incomeBeforeTaxRatio": -0.15982296783007513,
        "incomeTaxExpense": 58219000,
        "netIncome": -357964000,
        "netIncomeRatio": -0.1212891281484132,
        "eps": -3.48,
        "epsdiluted": -3.48,
        "weightedAverageShsOut": 102866000,
        "weightedAverageShsOutDil": 102866000,
        "link": "https://www.sec.gov/Archives/edgar/data/1274494/000127449417000006/0001274494-17-000006-index.htm",
        "finalLink": "https://www.sec.gov/Archives/edgar/data/1274494/000127449417000006/fslr10-k12x31x2016.htm"
    },
    {
        "date": "2015-12-31",
        "symbol": "FSLR",
        "reportedCurrency": "USD",
        "cik": "0001274494",
        "fillingDate": "2016-02-24",
        "acceptedDate": "2016-02-24 08:28:26",
        "calendarYear": "2015",
        "period": "FY",
        "revenue": 3578995000,
        "costOfRevenue": 2659728000,
        "grossProfit": 919267000,
        "grossProfitRatio": 0.25685059632662244,
        "researchAndDevelopmentExpenses": 130593000,
        "generalAndAdministrativeExpenses": 255192000,
        "sellingAndMarketingExpenses": 0,
        "sellingGeneralAndAdministrativeExpenses": 255192000,
        "otherExpenses": 16818000,
        "operatingExpenses": 402603000,
        "costAndExpenses": 3062331000,
        "interestIncome": 22516000,
        "interestExpense": 6975000,
        "depreciationAndAmortization": 257825000,
        "ebitda": 805065000,
        "ebitdaratio": 0.22494163864436803,
        "operatingIncome": 516664000,
        "operatingIncomeRatio": 0.1443600787371874,
        "totalOtherIncomeExpensesNet": 3171000,
        "incomeBeforeTax": 519835000,
        "incomeBeforeTaxRatio": 0.1452460816514133,
        "incomeTaxExpense": -6156000,
        "netIncome": 546421000,
        "netIncomeRatio": 0.15267442396538694,
        "eps": 5.42,
        "epsdiluted": 5.37,
        "weightedAverageShsOut": 100886000,
        "weightedAverageShsOutDil": 101815000,
        "link": "https://www.sec.gov/Archives/edgar/data/1274494/000127449416000067/0001274494-16-000067-index.htm",
        "finalLink": "https://www.sec.gov/Archives/edgar/data/1274494/000127449416000067/fslr10-k12x31x2015.htm"
    },
    {
        "date": "2014-12-31",
        "symbol": "FSLR",
        "reportedCurrency": "USD",
        "cik": "0001274494",
        "fillingDate": "2015-02-25",
        "acceptedDate": "2015-02-24 20:34:49",
        "calendarYear": "2014",
        "period": "FY",
        "revenue": 3391814000,
        "costOfRevenue": 2564709000,
        "grossProfit": 827105000,
        "grossProfitRatio": 0.2438532891249343,
        "researchAndDevelopmentExpenses": 143969000,
        "generalAndAdministrativeExpenses": 253827000,
        "sellingAndMarketingExpenses": 0,
        "sellingGeneralAndAdministrativeExpenses": 253827000,
        "otherExpenses": 5146000,
        "operatingExpenses": 402942000,
        "costAndExpenses": 2967651000,
        "interestIncome": 18030000,
        "interestExpense": 1982000,
        "depreciationAndAmortization": 245798000,
        "ebitda": 674822000,
        "ebitdaratio": 0.1989560748319336,
        "operatingIncome": 424163000,
        "operatingIncomeRatio": 0.12505491161956406,
        "totalOtherIncomeExpensesNet": 7828000,
        "incomeBeforeTax": 431991000,
        "incomeBeforeTaxRatio": 0.12736282119243567,
        "incomeTaxExpense": 30124000,
        "netIncome": 396918000,
        "netIncomeRatio": 0.11702233672011496,
        "eps": 3.97,
        "epsdiluted": 3.91,
        "weightedAverageShsOut": 100048000,
        "weightedAverageShsOutDil": 101643000,
        "link": "https://www.sec.gov/Archives/edgar/data/1274494/000127449415000006/0001274494-15-000006-index.htm",
        "finalLink": "https://www.sec.gov/Archives/edgar/data/1274494/000127449415000006/fslrdec1410-k.htm"
    },
    {
        "date": "2013-12-31",
        "symbol": "FSLR",
        "reportedCurrency": "USD",
        "cik": "0001274494",
        "fillingDate": "2014-02-26",
        "acceptedDate": "2014-02-25 18:06:45",
        "calendarYear": "2013",
        "period": "FY",
        "revenue": 3308989000,
        "costOfRevenue": 2446235000,
        "grossProfit": 862754000,
        "grossProfitRatio": 0.26073039227389394,
        "researchAndDevelopmentExpenses": 134300000,
        "generalAndAdministrativeExpenses": 270261000,
        "sellingAndMarketingExpenses": 0,
        "sellingGeneralAndAdministrativeExpenses": 270261000,
        "otherExpenses": 2768000,
        "operatingExpenses": 407329000,
        "costAndExpenses": 2853564000,
        "interestIncome": 16752000,
        "interestExpense": 1884000,
        "depreciationAndAmortization": 234370000,
        "ebitda": 614471000,
        "ebitdaratio": 0.18569750458523737,
        "operatingIncome": 368529000,
        "operatingIncomeRatio": 0.1113720837391723,
        "totalOtherIncomeExpensesNet": 9688000,
        "incomeBeforeTax": 378217000,
        "incomeBeforeTaxRatio": 0.11429986621291277,
        "incomeTaxExpense": 25179000,
        "netIncome": 353038000,
        "netIncomeRatio": 0.10669059341085751,
        "eps": 3.77,
        "epsdiluted": 3.7,
        "weightedAverageShsOut": 93697000,
        "weightedAverageShsOutDil": 95468000,
        "link": "https://www.sec.gov/Archives/edgar/data/1274494/000127449414000011/0001274494-14-000011-index.htm",
        "finalLink": "https://www.sec.gov/Archives/edgar/data/1274494/000127449414000011/fslrdec1310k.htm"
    },
    {
        "date": "2012-12-31",
        "symbol": "FSLR",
        "reportedCurrency": "USD",
        "cik": "0001274494",
        "fillingDate": "2013-02-27",
        "acceptedDate": "2013-02-26 21:27:11",
        "calendarYear": "2012",
        "period": "FY",
        "revenue": 3368545000,
        "costOfRevenue": 2515796000,
        "grossProfit": 852749000,
        "grossProfitRatio": 0.2531505442260679,
        "researchAndDevelopmentExpenses": 132460000,
        "generalAndAdministrativeExpenses": 280928000,
        "sellingAndMarketingExpenses": 0,
        "sellingGeneralAndAdministrativeExpenses": 280928000,
        "otherExpenses": 7823000,
        "operatingExpenses": 421211000,
        "costAndExpenses": 2937007000,
        "interestIncome": 12824000,
        "interestExpense": 13888000,
        "depreciationAndAmortization": 262716000,
        "ebitda": 236800000,
        "ebitdaratio": 0.0702974132748709,
        "operatingIncome": -37563000,
        "operatingIncomeRatio": -0.011151105299172194,
        "totalOtherIncomeExpensesNet": -2241000,
        "incomeBeforeTax": -39804000,
        "incomeBeforeTaxRatio": -0.011816377694227033,
        "incomeTaxExpense": 56534000,
        "netIncome": -96338000,
        "netIncomeRatio": -0.0285992913854498,
        "eps": -1.11,
        "epsdiluted": -1.11,
        "weightedAverageShsOut": 86860000,
        "weightedAverageShsOutDil": 86860000,
        "link": "https://www.sec.gov/Archives/edgar/data/1274494/000127449413000006/0001274494-13-000006-index.htm",
        "finalLink": "https://www.sec.gov/Archives/edgar/data/1274494/000127449413000006/fslrdec1210k.htm"
    },
    {
        "date": "2011-12-31",
        "symbol": "FSLR",
        "reportedCurrency": "USD",
        "cik": "0001274494",
        "fillingDate": "2012-02-29",
        "acceptedDate": "2012-02-29 17:24:52",
        "calendarYear": "2011",
        "period": "FY",
        "revenue": 2766207000,
        "costOfRevenue": 1794456000,
        "grossProfit": 971751000,
        "grossProfitRatio": 0.3512936667429444,
        "researchAndDevelopmentExpenses": 140523000,
        "generalAndAdministrativeExpenses": 446161000,
        "sellingAndMarketingExpenses": 0,
        "sellingGeneralAndAdministrativeExpenses": 446161000,
        "otherExpenses": 0,
        "operatingExpenses": 586684000,
        "costAndExpenses": 2381140000,
        "interestIncome": 13391000,
        "interestExpense": 100000,
        "depreciationAndAmortization": 235231000,
        "ebitda": 181618000,
        "ebitdaratio": 0.06565596862418467,
        "operatingIncome": -68664000,
        "operatingIncomeRatio": -0.024822437366400996,
        "totalOtherIncomeExpensesNet": 14951000,
        "incomeBeforeTax": -53713000,
        "incomeBeforeTaxRatio": -0.019417563472292565,
        "incomeTaxExpense": -14220000,
        "netIncome": -39493000,
        "netIncomeRatio": -0.014276950351148702,
        "eps": -0.46,
        "epsdiluted": -0.46,
        "weightedAverageShsOut": 86067000,
        "weightedAverageShsOutDil": 86067000,
        "link": "https://www.sec.gov/Archives/edgar/data/1274494/000127449412000015/0001274494-12-000015-index.htm",
        "finalLink": "https://www.sec.gov/Archives/edgar/data/1274494/000127449412000015/fslrdec1110k.htm"
    },
    {
        "date": "2010-12-31",
        "symbol": "FSLR",
        "reportedCurrency": "USD",
        "cik": "0001274494",
        "fillingDate": "2011-02-28",
        "acceptedDate": "2011-02-25 20:13:25",
        "calendarYear": "2010",
        "period": "FY",
        "revenue": 2563515000,
        "costOfRevenue": 1378669000,
        "grossProfit": 1184846000,
        "grossProfitRatio": 0.4621958521795269,
        "researchAndDevelopmentExpenses": 94797000,
        "generalAndAdministrativeExpenses": 341146000,
        "sellingAndMarketingExpenses": 0,
        "sellingGeneralAndAdministrativeExpenses": 341146000,
        "otherExpenses": 0,
        "operatingExpenses": 435943000,
        "costAndExpenses": 1814612000,
        "interestIncome": 14375000,
        "interestExpense": 6000,
        "depreciationAndAmortization": 156093000,
        "ebitda": 918176000,
        "ebitdaratio": 0.35817071481930085,
        "operatingIncome": 748903000,
        "operatingIncomeRatio": 0.2921391136778993,
        "totalOtherIncomeExpensesNet": 13174000,
        "incomeBeforeTax": 762077000,
        "incomeBeforeTaxRatio": 0.2972781512883677,
        "incomeTaxExpense": 97876000,
        "netIncome": 664201000,
        "netIncomeRatio": 0.2590977622522201,
        "eps": 7.82,
        "epsdiluted": 7.68,
        "weightedAverageShsOut": 84891000,
        "weightedAverageShsOutDil": 86491000,
        "link": "https://www.sec.gov/Archives/edgar/data/1274494/000127449411000007/0001274494-11-000007-index.htm",
        "finalLink": "https://www.sec.gov/Archives/edgar/data/1274494/000127449411000007/fslrdec1010k.htm"
    },
    {
        "date": "2009-12-31",
        "symbol": "FSLR",
        "reportedCurrency": "USD",
        "cik": "0001274494",
        "fillingDate": "2009-12-31",
        "acceptedDate": "2009-12-30 19:00:00",
        "calendarYear": "2009",
        "period": "FY",
        "revenue": 2066200000,
        "costOfRevenue": 1021618000,
        "grossProfit": 1044582000,
        "grossProfitRatio": 0.5055570612719001,
        "researchAndDevelopmentExpenses": 78161000,
        "generalAndAdministrativeExpenses": 0,
        "sellingAndMarketingExpenses": 0,
        "sellingGeneralAndAdministrativeExpenses": 286806000,
        "otherExpenses": 0,
        "operatingExpenses": 364967000,
        "costAndExpenses": 1386585000,
        "interestIncome": 9735000,
        "interestExpense": 5258000,
        "depreciationAndAmortization": 129628000,
        "ebitda": 821200000,
        "ebitdaratio": 0.39744458426096213,
        "operatingIncome": 679615000,
        "operatingIncomeRatio": 0.3289202400542058,
        "totalOtherIncomeExpensesNet": 6699000,
        "incomeBeforeTax": 686314000,
        "incomeBeforeTaxRatio": 0.33216242377311006,
        "incomeTaxExpense": 46176000,
        "netIncome": 640138000,
        "netIncomeRatio": 0.30981415158261544,
        "eps": 7.67,
        "epsdiluted": 7.53,
        "weightedAverageShsOut": 83500000,
        "weightedAverageShsOutDil": 85044000,
        "link": "",
        "finalLink": ""
    },
    {
        "date": "2008-12-27",
        "symbol": "FSLR",
        "reportedCurrency": "USD",
        "cik": "0001274494",
        "fillingDate": "2009-02-25",
        "acceptedDate": "2009-02-25 06:01:45",
        "calendarYear": "2008",
        "period": "FY",
        "revenue": 1246301000,
        "costOfRevenue": 567908000,
        "grossProfit": 678393000,
        "grossProfitRatio": 0.5443251670342879,
        "researchAndDevelopmentExpenses": 33517000,
        "generalAndAdministrativeExpenses": 174039000,
        "sellingAndMarketingExpenses": 0,
        "sellingGeneralAndAdministrativeExpenses": 206537000,
        "otherExpenses": 0,
        "operatingExpenses": 240054000,
        "costAndExpenses": 807962000,
        "interestIncome": 0,
        "interestExpense": 0,
        "depreciationAndAmortization": 60853000,
        "ebitda": 524629000,
        "ebitdaratio": 0.4209488719017316,
        "operatingIncome": 438339000,
        "operatingIncomeRatio": 0.3517119861092946,
        "totalOtherIncomeExpensesNet": 25437000,
        "incomeBeforeTax": 463776000,
        "incomeBeforeTaxRatio": 0.37212198337319796,
        "incomeTaxExpense": 115446000,
        "netIncome": 348330000,
        "netIncomeRatio": 0.27949106997426787,
        "eps": 4.34,
        "epsdiluted": 4.24,
        "weightedAverageShsOut": 80178000,
        "weightedAverageShsOutDil": 82124000,
        "link": "https://www.sec.gov/Archives/edgar/data/1274494/000095013409003635/0000950134-09-003635-index.htm",
        "finalLink": "https://www.sec.gov/Archives/edgar/data/1274494/000095013409003635/p14089e10vk.htm"
    },
    {
        "date": "2007-12-29",
        "symbol": "FSLR",
        "reportedCurrency": "USD",
        "cik": "0001274494",
        "fillingDate": "2008-02-21",
        "acceptedDate": "2008-02-21 17:32:07",
        "calendarYear": "2007",
        "period": "FY",
        "revenue": 503976000,
        "costOfRevenue": 252573000,
        "grossProfit": 251403000,
        "grossProfitRatio": 0.49883923043954476,
        "researchAndDevelopmentExpenses": 15107000,
        "generalAndAdministrativeExpenses": 82248000,
        "sellingAndMarketingExpenses": 0,
        "sellingGeneralAndAdministrativeExpenses": 99115000,
        "otherExpenses": -16867000,
        "operatingExpenses": 97355000,
        "costAndExpenses": 349928000,
        "interestIncome": 0,
        "interestExpense": 0,
        "depreciationAndAmortization": 24481000,
        "ebitda": 137181000,
        "ebitdaratio": 0.27219748559455215,
        "operatingIncome": 137181000,
        "operatingIncomeRatio": 0.27219748559455215,
        "totalOtherIncomeExpensesNet": -134789000,
        "incomeBeforeTax": 2392000,
        "incomeBeforeTaxRatio": 0.004746257758305951,
        "incomeTaxExpense": 2392000,
        "netIncome": 0,
        "netIncomeRatio": 0,
        "eps": 2.12,
        "epsdiluted": 2.03,
        "weightedAverageShsOut": 74701000,
        "weightedAverageShsOutDil": 77971000,
        "link": "https://www.sec.gov/Archives/edgar/data/1274494/000095015308000367/0000950153-08-000367-index.htm",
        "finalLink": "https://www.sec.gov/Archives/edgar/data/1274494/000095015308000367/p75017e10vk.htm"
    },
    {
        "date": "2006-12-31",
        "symbol": "FSLR",
        "reportedCurrency": "USD",
        "cik": "0001274494",
        "fillingDate": "2006-12-31",
        "acceptedDate": "2006-12-30 19:00:00",
        "calendarYear": "2006",
        "period": "FY",
        "revenue": 134974000,
        "costOfRevenue": 80730000,
        "grossProfit": 54244000,
        "grossProfitRatio": 0.4018848074443967,
        "researchAndDevelopmentExpenses": 6361000,
        "generalAndAdministrativeExpenses": 0,
        "sellingAndMarketingExpenses": 0,
        "sellingGeneralAndAdministrativeExpenses": 45073000,
        "otherExpenses": 0,
        "operatingExpenses": 51434000,
        "costAndExpenses": 132164000,
        "interestIncome": 0,
        "interestExpense": 0,
        "depreciationAndAmortization": 10210000,
        "ebitda": 19390000,
        "ebitdaratio": 0.14365729696089619,
        "operatingIncome": 2810000,
        "operatingIncomeRatio": 0.020818824366174226,
        "totalOtherIncomeExpensesNet": 6370000,
        "incomeBeforeTax": 9180000,
        "incomeBeforeTaxRatio": 0.06801309881903181,
        "incomeTaxExpense": 5206000,
        "netIncome": 3974000,
        "netIncomeRatio": 0.029442707484404404,
        "eps": 0.07,
        "epsdiluted": 0.07,
        "weightedAverageShsOut": 56310000,
        "weightedAverageShsOutDil": 58255000,
        "link": "",
        "finalLink": ""
    },
    {
        "date": "2005-12-31",
        "symbol": "FSLR",
        "reportedCurrency": "USD",
        "cik": "0001274494",
        "fillingDate": "2005-12-31",
        "acceptedDate": "2005-12-30 19:00:00",
        "calendarYear": "2005",
        "period": "FY",
        "revenue": 48063000,
        "costOfRevenue": 31483000,
        "grossProfit": 16580000,
        "grossProfitRatio": 0.3449639015458877,
        "researchAndDevelopmentExpenses": 2372000,
        "generalAndAdministrativeExpenses": 0,
        "sellingAndMarketingExpenses": 0,
        "sellingGeneralAndAdministrativeExpenses": 18998000,
        "otherExpenses": 0,
        "operatingExpenses": 21370000,
        "costAndExpenses": 52853000,
        "interestIncome": 0,
        "interestExpense": 0,
        "depreciationAndAmortization": 3376000,
        "ebitda": -3086000,
        "ebitdaratio": -0.06420739446143603,
        "operatingIncome": -4790000,
        "operatingIncomeRatio": -0.0996608617855731,
        "totalOtherIncomeExpensesNet": -1761000,
        "incomeBeforeTax": -6551000,
        "incomeBeforeTaxRatio": -0.13630027255893307,
        "incomeTaxExpense": 0,
        "netIncome": -6462000,
        "netIncomeRatio": -0.13444853629611137,
        "eps": -0.13,
        "epsdiluted": -0.13,
        "weightedAverageShsOut": 48846000,
        "weightedAverageShsOutDil": 48846000,
        "link": "",
        "finalLink": ""
    },
    {
        "date": "2004-12-31",
        "symbol": "FSLR",
        "reportedCurrency": "USD",
        "cik": "0001274494",
        "fillingDate": "2004-12-31",
        "acceptedDate": "2004-12-30 19:00:00",
        "calendarYear": "2004",
        "period": "FY",
        "revenue": 13522000,
        "costOfRevenue": 18851000,
        "grossProfit": -5329000,
        "grossProfitRatio": -0.39409850613814523,
        "researchAndDevelopmentExpenses": 1240000,
        "generalAndAdministrativeExpenses": 0,
        "sellingAndMarketingExpenses": 0,
        "sellingGeneralAndAdministrativeExpenses": 10212000,
        "otherExpenses": 0,
        "operatingExpenses": 11452000,
        "costAndExpenses": 30303000,
        "interestIncome": 0,
        "interestExpense": 0,
        "depreciationAndAmortization": 1944000,
        "ebitda": -14827000,
        "ebitdaratio": -1.0965093921017601,
        "operatingIncome": -16781000,
        "operatingIncomeRatio": -1.241014642804319,
        "totalOtherIncomeExpensesNet": 10000,
        "incomeBeforeTax": -16771000,
        "incomeBeforeTaxRatio": -1.2402751072326579,
        "incomeTaxExpense": 0,
        "netIncome": -16771000,
        "netIncomeRatio": -1.2402751072326579,
        "eps": -0.39,
        "epsdiluted": -0.39,
        "weightedAverageShsOut": 43198000,
        "weightedAverageShsOutDil": 43918000,
        "link": "",
        "finalLink": ""
    },
    {
        "date": "2003-12-31",
        "symbol": "FSLR",
        "reportedCurrency": "USD",
        "cik": "0001274494",
        "fillingDate": "2003-12-31",
        "acceptedDate": "2003-12-30 19:00:00",
        "calendarYear": "2003",
        "period": "FY",
        "revenue": 3210000,
        "costOfRevenue": 0,
        "grossProfit": 0,
        "grossProfitRatio": 0,
        "researchAndDevelopmentExpenses": 0,
        "generalAndAdministrativeExpenses": 0,
        "sellingAndMarketingExpenses": 0,
        "sellingGeneralAndAdministrativeExpenses": 0,
        "otherExpenses": 0,
        "operatingExpenses": 0,
        "costAndExpenses": 0,
        "interestIncome": 0,
        "interestExpense": 0,
        "depreciationAndAmortization": 0,
        "ebitda": -28043000,
        "ebitdaratio": -8.73613707165109,
        "operatingIncome": 3210000,
        "operatingIncomeRatio": 1,
        "totalOtherIncomeExpensesNet": 0,
        "incomeBeforeTax": 0,
        "incomeBeforeTaxRatio": 0,
        "incomeTaxExpense": 0,
        "netIncome": -28043000,
        "netIncomeRatio": -8.73613707165109,
        "eps": -0.78,
        "epsdiluted": -0.78,
        "weightedAverageShsOut": 36028000,
        "weightedAverageShsOutDil": 36028000,
        "link": "",
        "finalLink": ""
    },
    {
        "date": "2002-12-31",
        "symbol": "FSLR",
        "reportedCurrency": "USD",
        "cik": "0001274494",
        "fillingDate": "2002-12-31",
        "acceptedDate": "2002-12-30 19:00:00",
        "calendarYear": "2002",
        "period": "FY",
        "revenue": 490000,
        "costOfRevenue": 7007000,
        "grossProfit": -6517000,
        "grossProfitRatio": -13.3,
        "researchAndDevelopmentExpenses": 6029000,
        "generalAndAdministrativeExpenses": 0,
        "sellingAndMarketingExpenses": 0,
        "sellingGeneralAndAdministrativeExpenses": 9588000,
        "otherExpenses": 0,
        "operatingExpenses": 15617000,
        "costAndExpenses": 22624000,
        "interestIncome": 0,
        "interestExpense": 0,
        "depreciationAndAmortization": 0,
        "ebitda": -26224000,
        "ebitdaratio": -53.518367346938774,
        "operatingIncome": -22134000,
        "operatingIncomeRatio": -45.17142857142857,
        "totalOtherIncomeExpensesNet": -4090000,
        "incomeBeforeTax": -26224000,
        "incomeBeforeTaxRatio": -53.518367346938774,
        "incomeTaxExpense": 0,
        "netIncome": -26224000,
        "netIncomeRatio": -53.518367346938774,
        "eps": -0.487825,
        "epsdiluted": -0.487825,
        "weightedAverageShsOut": 53757000,
        "weightedAverageShsOutDil": 53757000,
        "link": "",
        "finalLink": ""
    },
    {
        "date": "2001-12-31",
        "symbol": "FSLR",
        "reportedCurrency": "USD",
        "cik": "0001274494",
        "fillingDate": "2001-12-31",
        "acceptedDate": "2001-12-30 19:00:00",
        "calendarYear": "2001",
        "period": "FY",
        "revenue": 0,
        "costOfRevenue": 14271000,
        "grossProfit": -14271000,
        "grossProfitRatio": 0,
        "researchAndDevelopmentExpenses": 3766000,
        "generalAndAdministrativeExpenses": 0,
        "sellingAndMarketingExpenses": 0,
        "sellingGeneralAndAdministrativeExpenses": 7570000,
        "otherExpenses": 119000,
        "operatingExpenses": 11455000,
        "costAndExpenses": 25726000,
        "interestIncome": 0,
        "interestExpense": 0,
        "depreciationAndAmortization": 0,
        "ebitda": -27134000,
        "ebitdaratio": 0,
        "operatingIncome": -25726000,
        "operatingIncomeRatio": 0,
        "totalOtherIncomeExpensesNet": 0,
        "incomeBeforeTax": 0,
        "incomeBeforeTaxRatio": 0,
        "incomeTaxExpense": 0,
        "netIncome": -27134000,
        "netIncomeRatio": 0,
        "eps": -0.504753,
        "epsdiluted": -0.504753,
        "weightedAverageShsOut": 53757000,
        "weightedAverageShsOutDil": 53757000,
        "link": "",
        "finalLink": ""
    }
]