[
    {
        "date": "2021-12-31",
        "symbol": "GM",
        "reportedCurrency": "USD",
        "cik": "0001467858",
        "fillingDate": "2022-02-02",
        "acceptedDate": "2022-02-02 06:10:21",
        "calendarYear": "2021",
        "period": "FY",
        "revenue": 127004000000,
        "costOfRevenue": 109126000000,
        "grossProfit": 17878000000,
        "grossProfitRatio": 0.14076721993008096,
        "researchAndDevelopmentExpenses": 0,
        "generalAndAdministrativeExpenses": 0,
        "sellingAndMarketingExpenses": 0,
        "sellingGeneralAndAdministrativeExpenses": 8554000000,
        "otherExpenses": 0,
        "operatingExpenses": 8554000000,
        "costAndExpenses": 117680000000,
        "interestIncome": 146000000,
        "interestExpense": 950000000,
        "depreciationAndAmortization": 12051000000,
        "ebitda": 25791000000,
        "ebitdaratio": 0.20307234417813613,
        "operatingIncome": 9324000000,
        "operatingIncomeRatio": 0.07341501055084879,
        "totalOtherIncomeExpensesNet": 3392000000,
        "incomeBeforeTax": 12716000000,
        "incomeBeforeTaxRatio": 0.1001228307769834,
        "incomeTaxExpense": 2771000000,
        "netIncome": 10019000000,
        "netIncomeRatio": 0.07888727914081446,
        "eps": 6.849173553719008,
        "epsdiluted": 6.779141104294479,
        "weightedAverageShsOut": 1452000000,
        "weightedAverageShsOutDil": 1467000000,
        "link": "https://www.sec.gov/Archives/edgar/data/1467858/000146785822000034/0001467858-22-000034-index.htm",
        "finalLink": "https://www.sec.gov/Archives/edgar/data/1467858/000146785822000034/gm-20211231.htm"
    },
    {
        "date": "2020-12-31",
        "symbol": "GM",
        "reportedCurrency": "USD",
        "cik": "0001467858",
        "fillingDate": "2021-02-10",
        "acceptedDate": "2021-02-10 15:48:19",
        "calendarYear": "2020",
        "period": "FY",
        "revenue": 122485000000,
        "costOfRevenue": 108813000000,
        "grossProfit": 13672000000,
        "grossProfitRatio": 0.1116218312446422,
        "researchAndDevelopmentExpenses": 0,
        "generalAndAdministrativeExpenses": 0,
        "sellingAndMarketingExpenses": 0,
        "sellingGeneralAndAdministrativeExpenses": 7038000000,
        "otherExpenses": 0,
        "operatingExpenses": 7038000000,
        "costAndExpenses": 115851000000,
        "interestIncome": 241000000,
        "interestExpense": 1098000000,
        "depreciationAndAmortization": 12815000000,
        "ebitda": 22114000000,
        "ebitdaratio": 0.18054455647630321,
        "operatingIncome": 6634000000,
        "operatingIncomeRatio": 0.05416173408988856,
        "totalOtherIncomeExpensesNet": 1461000000,
        "incomeBeforeTax": 8095000000,
        "incomeBeforeTaxRatio": 0.06608972527248234,
        "incomeTaxExpense": 1774000000,
        "netIncome": 6427000000,
        "netIncomeRatio": 0.052471731232395805,
        "eps": 4.36,
        "epsdiluted": 4.33,
        "weightedAverageShsOut": 1433000000,
        "weightedAverageShsOutDil": 1442000000,
        "link": "https://www.sec.gov/Archives/edgar/data/1467858/000146785821000037/0001467858-21-000037-index.htm",
        "finalLink": "https://www.sec.gov/Archives/edgar/data/1467858/000146785821000037/gm-20201231.htm"
    },
    {
        "date": "2019-12-31",
        "symbol": "GM",
        "reportedCurrency": "USD",
        "cik": "0001467858",
        "fillingDate": "2020-02-05",
        "acceptedDate": "2020-02-05 16:02:53",
        "calendarYear": "2019",
        "period": "FY",
        "revenue": 137237000000,
        "costOfRevenue": 123265000000,
        "grossProfit": 13972000000,
        "grossProfitRatio": 0.10180927883879712,
        "researchAndDevelopmentExpenses": 0,
        "generalAndAdministrativeExpenses": 8491000000,
        "sellingAndMarketingExpenses": 0,
        "sellingGeneralAndAdministrativeExpenses": 8491000000,
        "otherExpenses": 0,
        "operatingExpenses": 8491000000,
        "costAndExpenses": 131756000000,
        "interestIncome": 429000000,
        "interestExpense": 782000000,
        "depreciationAndAmortization": 14118000000,
        "ebitda": 22401000000,
        "ebitdaratio": 0.1632285753841894,
        "operatingIncome": 5481000000,
        "operatingIncomeRatio": 0.039938209083556185,
        "totalOtherIncomeExpensesNet": 1955000000,
        "incomeBeforeTax": 7436000000,
        "incomeBeforeTaxRatio": 0.0541836385231388,
        "incomeTaxExpense": 769000000,
        "netIncome": 6732000000,
        "netIncomeRatio": 0.049053826591954064,
        "eps": 4.62,
        "epsdiluted": 4.57,
        "weightedAverageShsOut": 1424000000,
        "weightedAverageShsOutDil": 1439000000,
        "link": "https://www.sec.gov/Archives/edgar/data/1467858/000146785820000028/0001467858-20-000028-index.html",
        "finalLink": "https://www.sec.gov/Archives/edgar/data/1467858/000146785820000028/gm201910k.htm"
    },
    {
        "date": "2018-12-31",
        "symbol": "GM",
        "reportedCurrency": "USD",
        "cik": "0001467858",
        "fillingDate": "2019-02-06",
        "acceptedDate": "2019-02-06 16:46:41",
        "calendarYear": "2018",
        "period": "FY",
        "revenue": 147049000000,
        "costOfRevenue": 132954000000,
        "grossProfit": 14095000000,
        "grossProfitRatio": 0.09585240294051643,
        "researchAndDevelopmentExpenses": 0,
        "generalAndAdministrativeExpenses": 9650000000,
        "sellingAndMarketingExpenses": 0,
        "sellingGeneralAndAdministrativeExpenses": 9650000000,
        "otherExpenses": 0,
        "operatingExpenses": 9650000000,
        "costAndExpenses": 142604000000,
        "interestIncome": 335000000,
        "interestExpense": 655000000,
        "depreciationAndAmortization": 13669000000,
        "ebitda": 22812000000,
        "ebitdaratio": 0.15513196281511604,
        "operatingIncome": 4445000000,
        "operatingIncomeRatio": 0.030228019231684677,
        "totalOtherIncomeExpensesNet": 4104000000,
        "incomeBeforeTax": 8549000000,
        "incomeBeforeTaxRatio": 0.05813708355718162,
        "incomeTaxExpense": 474000000,
        "netIncome": 8014000000,
        "netIncomeRatio": 0.05449884052254691,
        "eps": 5.61,
        "epsdiluted": 5.53,
        "weightedAverageShsOut": 1411000000,
        "weightedAverageShsOutDil": 1431000000,
        "link": "https://www.sec.gov/Archives/edgar/data/1467858/000146785819000033/0001467858-19-000033-index.html",
        "finalLink": "https://www.sec.gov/Archives/edgar/data/1467858/000146785819000033/gm201810k.htm"
    },
    {
        "date": "2017-12-31",
        "symbol": "GM",
        "reportedCurrency": "USD",
        "cik": "0001467858",
        "fillingDate": "2018-02-06",
        "acceptedDate": "2018-02-06 12:34:06",
        "calendarYear": "2017",
        "period": "FY",
        "revenue": 145588000000,
        "costOfRevenue": 125997000000,
        "grossProfit": 19591000000,
        "grossProfitRatio": 0.13456466192268593,
        "researchAndDevelopmentExpenses": 0,
        "generalAndAdministrativeExpenses": 9575000000,
        "sellingAndMarketingExpenses": 0,
        "sellingGeneralAndAdministrativeExpenses": 9575000000,
        "otherExpenses": 0,
        "operatingExpenses": 9575000000,
        "costAndExpenses": 135572000000,
        "interestIncome": 290000000,
        "interestExpense": 575000000,
        "depreciationAndAmortization": 12261000000,
        "ebitda": 20505000000,
        "ebitdaratio": 0.1408426518669121,
        "operatingIncome": 10016000000,
        "operatingIncomeRatio": 0.06879687886364261,
        "totalOtherIncomeExpensesNet": 1847000000,
        "incomeBeforeTax": 11863000000,
        "incomeBeforeTaxRatio": 0.08148336401351759,
        "incomeTaxExpense": 11533000000,
        "netIncome": -3864000000,
        "netIncomeRatio": -0.02654064895458417,
        "eps": -2.65,
        "epsdiluted": -2.65,
        "weightedAverageShsOut": 1465000000,
        "weightedAverageShsOutDil": 1492000000,
        "link": "https://www.sec.gov/Archives/edgar/data/1467858/000146785818000022/0001467858-18-000022-index.html",
        "finalLink": "https://www.sec.gov/Archives/edgar/data/1467858/000146785818000022/gm201710k.htm"
    },
    {
        "date": "2016-12-31",
        "symbol": "GM",
        "reportedCurrency": "USD",
        "cik": "0001467858",
        "fillingDate": "2017-02-07",
        "acceptedDate": "2017-02-07 11:42:59",
        "calendarYear": "2016",
        "period": "FY",
        "revenue": 166380000000,
        "costOfRevenue": 145125000000,
        "grossProfit": 21255000000,
        "grossProfitRatio": 0.12774972953479985,
        "researchAndDevelopmentExpenses": 0,
        "generalAndAdministrativeExpenses": 11710000000,
        "sellingAndMarketingExpenses": 0,
        "sellingGeneralAndAdministrativeExpenses": 11710000000,
        "otherExpenses": 0,
        "operatingExpenses": 11710000000,
        "costAndExpenses": 156835000000,
        "interestIncome": 185000000,
        "interestExpense": 572000000,
        "depreciationAndAmortization": 10408000000,
        "ebitda": 22823000000,
        "ebitdaratio": 0.13717393917538165,
        "operatingIncome": 9545000000,
        "operatingIncomeRatio": 0.05736867411948551,
        "totalOtherIncomeExpensesNet": 2139000000,
        "incomeBeforeTax": 11684000000,
        "incomeBeforeTaxRatio": 0.07022478663300878,
        "incomeTaxExpense": 2416000000,
        "netIncome": 9427000000,
        "netIncomeRatio": 0.056659454261329484,
        "eps": 6.12,
        "epsdiluted": 6,
        "weightedAverageShsOut": 1540000000,
        "weightedAverageShsOutDil": 1570000000,
        "link": "https://www.sec.gov/Archives/edgar/data/1467858/000146785817000028/0001467858-17-000028-index.html",
        "finalLink": "https://www.sec.gov/Archives/edgar/data/1467858/000146785817000028/gm201610k.htm"
    },
    {
        "date": "2015-12-31",
        "symbol": "GM",
        "reportedCurrency": "USD",
        "cik": "0001467858",
        "fillingDate": "2016-02-03",
        "acceptedDate": "2016-02-03 13:20:41",
        "calendarYear": "2015",
        "period": "FY",
        "revenue": 152356000000,
        "costOfRevenue": 134054000000,
        "grossProfit": 18302000000,
        "grossProfitRatio": 0.12012654572186196,
        "researchAndDevelopmentExpenses": 0,
        "generalAndAdministrativeExpenses": 13405000000,
        "sellingAndMarketingExpenses": 0,
        "sellingGeneralAndAdministrativeExpenses": 13405000000,
        "otherExpenses": 0,
        "operatingExpenses": 13405000000,
        "costAndExpenses": 147459000000,
        "interestIncome": 169000000,
        "interestExpense": 443000000,
        "depreciationAndAmortization": 8017000000,
        "ebitda": 16250000000,
        "ebitdaratio": 0.10665809026228044,
        "operatingIncome": 4897000000,
        "operatingIncomeRatio": 0.0321418257239623,
        "totalOtherIncomeExpensesNet": 2821000000,
        "incomeBeforeTax": 7718000000,
        "incomeBeforeTaxRatio": 0.05065767019349419,
        "incomeTaxExpense": -1897000000,
        "netIncome": 9687000000,
        "netIncomeRatio": 0.06358134894588989,
        "eps": 6.11,
        "epsdiluted": 5.91,
        "weightedAverageShsOut": 1586000000,
        "weightedAverageShsOutDil": 1640000000,
        "link": "https://www.sec.gov/Archives/edgar/data/1467858/000146785816000255/0001467858-16-000255-index.html",
        "finalLink": "https://www.sec.gov/Archives/edgar/data/1467858/000146785816000255/gm201510k.htm"
    },
    {
        "date": "2014-12-31",
        "symbol": "GM",
        "reportedCurrency": "USD",
        "cik": "0001467858",
        "fillingDate": "2015-02-04",
        "acceptedDate": "2015-02-04 11:47:54",
        "calendarYear": "2014",
        "period": "FY",
        "revenue": 155929000000,
        "costOfRevenue": 142121000000,
        "grossProfit": 13808000000,
        "grossProfitRatio": 0.0885531235369944,
        "researchAndDevelopmentExpenses": 0,
        "generalAndAdministrativeExpenses": 12158000000,
        "sellingAndMarketingExpenses": 0,
        "sellingGeneralAndAdministrativeExpenses": 12158000000,
        "otherExpenses": 0,
        "operatingExpenses": 12158000000,
        "costAndExpenses": 154279000000,
        "interestIncome": 211000000,
        "interestExpense": 403000000,
        "depreciationAndAmortization": 7238000000,
        "ebitda": 11818000000,
        "ebitdaratio": 0.0757909048348928,
        "operatingIncome": 1530000000,
        "operatingIncomeRatio": 0.0098121580975957,
        "totalOtherIncomeExpensesNet": 2716000000,
        "incomeBeforeTax": 4246000000,
        "incomeBeforeTaxRatio": 0.027230342014634867,
        "incomeTaxExpense": 228000000,
        "netIncome": 3949000000,
        "netIncomeRatio": 0.025325628972160407,
        "eps": 1.75,
        "epsdiluted": 1.65,
        "weightedAverageShsOut": 1605000000,
        "weightedAverageShsOutDil": 1687000000,
        "link": "https://www.sec.gov/Archives/edgar/data/1467858/000146785815000036/0001467858-15-000036-index.html",
        "finalLink": "https://www.sec.gov/Archives/edgar/data/1467858/000146785815000036/gm201410k.htm"
    },
    {
        "date": "2013-12-31",
        "symbol": "GM",
        "reportedCurrency": "USD",
        "cik": "0001467858",
        "fillingDate": "2014-02-06",
        "acceptedDate": "2014-02-06 12:49:42",
        "calendarYear": "2013",
        "period": "FY",
        "revenue": 155427000000,
        "costOfRevenue": 137373000000,
        "grossProfit": 18054000000,
        "grossProfitRatio": 0.11615742438572449,
        "researchAndDevelopmentExpenses": 0,
        "generalAndAdministrativeExpenses": 12382000000,
        "sellingAndMarketingExpenses": 0,
        "sellingGeneralAndAdministrativeExpenses": 12382000000,
        "otherExpenses": 0,
        "operatingExpenses": 12382000000,
        "costAndExpenses": 149755000000,
        "interestIncome": 246000000,
        "interestExpense": 334000000,
        "depreciationAndAmortization": 8041000000,
        "ebitda": 15848000000,
        "ebitdaratio": 0.10196426618283824,
        "operatingIncome": 5131000000,
        "operatingIncomeRatio": 0.033012282293295246,
        "totalOtherIncomeExpensesNet": 2327000000,
        "incomeBeforeTax": 7458000000,
        "incomeBeforeTaxRatio": 0.047983941014109514,
        "incomeTaxExpense": 2127000000,
        "netIncome": 5346000000,
        "netIncomeRatio": 0.03439556833754753,
        "eps": 2.71,
        "epsdiluted": 2.38,
        "weightedAverageShsOut": 1393000000,
        "weightedAverageShsOutDil": 1676000000,
        "link": "https://www.sec.gov/Archives/edgar/data/1467858/000146785814000043/gm201310k.htm",
        "finalLink": "https://www.sec.gov/Archives/edgar/data/1467858/000146785814000043/gm201310k.htm"
    },
    {
        "date": "2012-12-31",
        "symbol": "GM",
        "reportedCurrency": "USD",
        "cik": "0001467858",
        "fillingDate": "2013-02-15",
        "acceptedDate": "2013-02-15 11:28:33",
        "calendarYear": "2012",
        "period": "FY",
        "revenue": 152256000000,
        "costOfRevenue": 141443000000,
        "grossProfit": 10813000000,
        "grossProfitRatio": 0.07101854770912149,
        "researchAndDevelopmentExpenses": 0,
        "generalAndAdministrativeExpenses": 13593000000,
        "sellingAndMarketingExpenses": 0,
        "sellingGeneralAndAdministrativeExpenses": 13593000000,
        "otherExpenses": 438000000,
        "operatingExpenses": 14031000000,
        "costAndExpenses": 155474000000,
        "interestIncome": 343000000,
        "interestExpense": 489000000,
        "depreciationAndAmortization": 38762000000,
        "ebitda": 10608000000,
        "ebitdaratio": 0.06967213114754098,
        "operatingIncome": -30363000000,
        "operatingIncomeRatio": -0.19942071248423707,
        "totalOtherIncomeExpensesNet": 106000000,
        "incomeBeforeTax": -30257000000,
        "incomeBeforeTaxRatio": -0.19872451660361495,
        "incomeTaxExpense": -34831000000,
        "netIncome": 6188000000,
        "netIncomeRatio": 0.04064207650273224,
        "eps": 3.1,
        "epsdiluted": 2.92,
        "weightedAverageShsOut": 1566000000,
        "weightedAverageShsOutDil": 1675000000,
        "link": "https://www.sec.gov/Archives/edgar/data/1467858/000146785813000025/0001467858-13-000025-index.html",
        "finalLink": "https://www.sec.gov/Archives/edgar/data/1467858/000146785813000025/gm201210k.htm"
    },
    {
        "date": "2011-12-31",
        "symbol": "GM",
        "reportedCurrency": "USD",
        "cik": "0001467858",
        "fillingDate": "2012-02-27",
        "acceptedDate": "2012-02-27 13:41:16",
        "calendarYear": "2011",
        "period": "FY",
        "revenue": 150276000000,
        "costOfRevenue": 131171000000,
        "grossProfit": 19105000000,
        "grossProfitRatio": 0.12713274242061273,
        "researchAndDevelopmentExpenses": 0,
        "generalAndAdministrativeExpenses": 12163000000,
        "sellingAndMarketingExpenses": 0,
        "sellingGeneralAndAdministrativeExpenses": 12163000000,
        "otherExpenses": 0,
        "operatingExpenses": 12163000000,
        "costAndExpenses": 143334000000,
        "interestIncome": 851000000,
        "interestExpense": 540000000,
        "depreciationAndAmortization": 7344000000,
        "ebitda": 17184000000,
        "ebitdaratio": 0.11434959674199473,
        "operatingIncome": 5656000000,
        "operatingIncomeRatio": 0.03763741382522825,
        "totalOtherIncomeExpensesNet": 329000000,
        "incomeBeforeTax": 5985000000,
        "incomeBeforeTaxRatio": 0.0398267188373393,
        "incomeTaxExpense": 110000000,
        "netIncome": 9190000000,
        "netIncomeRatio": 0.06115414304346669,
        "eps": 4.94,
        "epsdiluted": 4.58,
        "weightedAverageShsOut": 1536000000,
        "weightedAverageShsOutDil": 1668000000,
        "link": "https://www.sec.gov/Archives/edgar/data/1467858/000146785812000014/0001467858-12-000014-index.html",
        "finalLink": "https://www.sec.gov/Archives/edgar/data/1467858/000146785812000014/gm201110k.htm"
    },
    {
        "date": "2010-12-31",
        "symbol": "GM",
        "reportedCurrency": "USD",
        "cik": "0001467858",
        "fillingDate": "2011-03-01",
        "acceptedDate": "2011-03-01 11:56:53",
        "calendarYear": "2010",
        "period": "FY",
        "revenue": 135592000000,
        "costOfRevenue": 118792000000,
        "grossProfit": 16800000000,
        "grossProfitRatio": 0.12390111511003599,
        "researchAndDevelopmentExpenses": 0,
        "generalAndAdministrativeExpenses": 11716000000,
        "sellingAndMarketingExpenses": 0,
        "sellingGeneralAndAdministrativeExpenses": 11716000000,
        "otherExpenses": 0,
        "operatingExpenses": 11716000000,
        "costAndExpenses": 130508000000,
        "interestIncome": 1555000000,
        "interestExpense": 1098000000,
        "depreciationAndAmortization": 6923000000,
        "ebitda": 14865000000,
        "ebitdaratio": 0.10963036167325506,
        "operatingIncome": 5084000000,
        "operatingIncomeRatio": 0.03749483745353708,
        "totalOtherIncomeExpensesNet": 653000000,
        "incomeBeforeTax": 5737000000,
        "incomeBeforeTaxRatio": 0.04231075579680217,
        "incomeTaxExpense": 672000000,
        "netIncome": 6172000000,
        "netIncomeRatio": 0.045518909670187034,
        "eps": 3.11,
        "epsdiluted": 2.89,
        "weightedAverageShsOut": 1500000000,
        "weightedAverageShsOutDil": 1624000000,
        "link": "https://www.sec.gov/Archives/edgar/data/1467858/000119312511051462/d10k.htm",
        "finalLink": "https://www.sec.gov/Archives/edgar/data/1467858/000119312511051462/d10k.htm"
    },
    {
        "date": "2009-12-31",
        "symbol": "GM",
        "reportedCurrency": "USD",
        "cik": "0001467858",
        "fillingDate": "2009-12-31",
        "acceptedDate": "2009-12-30 19:00:00",
        "calendarYear": "2009",
        "period": "FY",
        "revenue": 104589000000,
        "costOfRevenue": 112195000000,
        "grossProfit": -7606000000,
        "grossProfitRatio": -0.07272275287076078,
        "researchAndDevelopmentExpenses": 0,
        "generalAndAdministrativeExpenses": 12167000000,
        "sellingAndMarketingExpenses": 0,
        "sellingGeneralAndAdministrativeExpenses": 12167000000,
        "otherExpenses": 1162000000,
        "operatingExpenses": 13329000000,
        "costAndExpenses": 125524000000,
        "interestIncome": 1292000000,
        "interestExpense": 6122000000,
        "depreciationAndAmortization": 15151000000,
        "ebitda": 123928000000,
        "ebitdaratio": 1.1849047222939315,
        "operatingIncome": -21023000000,
        "operatingIncomeRatio": -0.20100584191454168,
        "totalOtherIncomeExpensesNet": 123516000000,
        "incomeBeforeTax": 102493000000,
        "incomeBeforeTaxRatio": 0.9799596515885992,
        "incomeTaxExpense": -2166000000,
        "netIncome": 104821000000,
        "netIncomeRatio": 1.002218206503552,
        "eps": 113.18,
        "epsdiluted": 113.18,
        "weightedAverageShsOut": 925000000,
        "weightedAverageShsOutDil": 925000000,
        "link": "",
        "finalLink": ""
    },
    {
        "date": "2008-12-31",
        "symbol": "GM",
        "reportedCurrency": "USD",
        "cik": "0001467858",
        "fillingDate": "2008-12-31",
        "acceptedDate": "2008-12-30 19:00:00",
        "calendarYear": "2008",
        "period": "FY",
        "revenue": 148979000000,
        "costOfRevenue": 149257000000,
        "grossProfit": -278000000,
        "grossProfitRatio": -0.0018660348102752737,
        "researchAndDevelopmentExpenses": 0,
        "generalAndAdministrativeExpenses": 14253000000,
        "sellingAndMarketingExpenses": 0,
        "sellingGeneralAndAdministrativeExpenses": 14253000000,
        "otherExpenses": 6089000000,
        "operatingExpenses": 20342000000,
        "costAndExpenses": 169599000000,
        "interestIncome": 424000000,
        "interestExpense": 2525000000,
        "depreciationAndAmortization": 10203000000,
        "ebitda": -16449000000,
        "ebitdaratio": -0.11041153451157545,
        "operatingIncome": -21230000000,
        "operatingIncomeRatio": -0.14250330583505058,
        "totalOtherIncomeExpensesNet": -8241000000,
        "incomeBeforeTax": -29471000000,
        "incomeBeforeTaxRatio": -0.19781982695547695,
        "incomeTaxExpense": 1766000000,
        "netIncome": -30943000000,
        "netIncomeRatio": -0.2077004141523302,
        "eps": -53.47,
        "epsdiluted": -53.47,
        "weightedAverageShsOut": 579000000,
        "weightedAverageShsOutDil": 579000000,
        "link": "",
        "finalLink": ""
    }
]