[
    {
        "date": "2021-12-31",
        "symbol": "GOOG",
        "reportedCurrency": "USD",
        "cik": "0001652044",
        "fillingDate": "2022-02-02",
        "acceptedDate": "2022-02-01 21:08:02",
        "calendarYear": "2021",
        "period": "FY",
        "revenue": 257637000000,
        "costOfRevenue": 110939000000,
        "grossProfit": 146698000000,
        "grossProfitRatio": 0.5693980290098084,
        "researchAndDevelopmentExpenses": 31562000000,
        "generalAndAdministrativeExpenses": 13510000000,
        "sellingAndMarketingExpenses": 22912000000,
        "sellingGeneralAndAdministrativeExpenses": 36422000000,
        "otherExpenses": 0,
        "operatingExpenses": 67984000000,
        "costAndExpenses": 178923000000,
        "interestIncome": 1499000000,
        "interestExpense": 346000000,
        "depreciationAndAmortization": 12441000000,
        "ebitda": 103521000000,
        "ebitdaratio": 0.40180952270054376,
        "operatingIncome": 78714000000,
        "operatingIncomeRatio": 0.3055228868524319,
        "totalOtherIncomeExpensesNet": 12020000000,
        "incomeBeforeTax": 90734000000,
        "incomeBeforeTaxRatio": 0.35217767634307184,
        "incomeTaxExpense": 14701000000,
        "netIncome": 76033000000,
        "netIncomeRatio": 0.2951167728237792,
        "eps": 5.694003,
        "epsdiluted": 5.610003,
        "weightedAverageShsOut": 13352993991,
        "weightedAverageShsOutDil": 13553473900,
        "link": "https://www.sec.gov/Archives/edgar/data/1652044/000165204422000019/0001652044-22-000019-index.htm",
        "finalLink": "https://www.sec.gov/Archives/edgar/data/1652044/000165204422000019/goog-20211231.htm"
    },
    {
        "date": "2020-12-31",
        "symbol": "GOOG",
        "reportedCurrency": "USD",
        "cik": "0001652044",
        "fillingDate": "2021-02-03",
        "acceptedDate": "2021-02-02 20:12:25",
        "calendarYear": "2020",
        "period": "FY",
        "revenue": 182527000000,
        "costOfRevenue": 84732000000,
        "grossProfit": 97795000000,
        "grossProfitRatio": 0.5357837470620785,
        "researchAndDevelopmentExpenses": 27573000000,
        "generalAndAdministrativeExpenses": 11052000000,
        "sellingAndMarketingExpenses": 17946000000,
        "sellingGeneralAndAdministrativeExpenses": 28998000000,
        "otherExpenses": 0,
        "operatingExpenses": 56571000000,
        "costAndExpenses": 141303000000,
        "interestIncome": 1865000000,
        "interestExpense": 135000000,
        "depreciationAndAmortization": 13697000000,
        "ebitda": 61914000000,
        "ebitdaratio": 0.3392046108246999,
        "operatingIncome": 41224000000,
        "operatingIncomeRatio": 0.22585151785763202,
        "totalOtherIncomeExpensesNet": 6858000000,
        "incomeBeforeTax": 48082000000,
        "incomeBeforeTaxRatio": 0.2634240413747007,
        "incomeTaxExpense": 7813000000,
        "netIncome": 40269000000,
        "netIncomeRatio": 0.22061941520980458,
        "eps": 2.957501,
        "epsdiluted": 2.930501,
        "weightedAverageShsOut": 13616313872,
        "weightedAverageShsOutDil": 13740553816,
        "link": "https://www.sec.gov/Archives/edgar/data/1652044/000165204421000010/0001652044-21-000010-index.htm",
        "finalLink": "https://www.sec.gov/Archives/edgar/data/1652044/000165204421000010/goog-20201231.htm"
    },
    {
        "date": "2019-12-31",
        "symbol": "GOOG",
        "reportedCurrency": "USD",
        "cik": "0001652044",
        "fillingDate": "2020-02-04",
        "acceptedDate": "2020-02-03 21:03:59",
        "calendarYear": "2019",
        "period": "FY",
        "revenue": 161857000000,
        "costOfRevenue": 71896000000,
        "grossProfit": 89961000000,
        "grossProfitRatio": 0.5558054331910266,
        "researchAndDevelopmentExpenses": 26018000000,
        "generalAndAdministrativeExpenses": 9551000000,
        "sellingAndMarketingExpenses": 18464000000,
        "sellingGeneralAndAdministrativeExpenses": 28015000000,
        "otherExpenses": 0,
        "operatingExpenses": 54033000000,
        "costAndExpenses": 125929000000,
        "interestIncome": 2427000000,
        "interestExpense": 100000000,
        "depreciationAndAmortization": 11781000000,
        "ebitda": 51506000000,
        "ebitdaratio": 0.31821916877243495,
        "operatingIncome": 34231000000,
        "operatingIncomeRatio": 0.2114891540063142,
        "totalOtherIncomeExpensesNet": 5394000000,
        "incomeBeforeTax": 39625000000,
        "incomeBeforeTaxRatio": 0.24481486744471972,
        "incomeTaxExpense": 5282000000,
        "netIncome": 34343000000,
        "netIncomeRatio": 0.2121811228430034,
        "eps": 2.479501,
        "epsdiluted": 2.458001,
        "weightedAverageShsOut": 13851914459,
        "weightedAverageShsOutDil": 13971114411,
        "link": "https://www.sec.gov/Archives/edgar/data/1652044/000165204420000008/0001652044-20-000008-index.htm",
        "finalLink": "https://www.sec.gov/Archives/edgar/data/1652044/000165204420000008/goog10-k2019.htm"
    },
    {
        "date": "2018-12-31",
        "symbol": "GOOG",
        "reportedCurrency": "USD",
        "cik": "0001652044",
        "fillingDate": "2019-02-05",
        "acceptedDate": "2019-02-04 21:06:38",
        "calendarYear": "2018",
        "period": "FY",
        "revenue": 136819000000,
        "costOfRevenue": 59549000000,
        "grossProfit": 77270000000,
        "grossProfitRatio": 0.5647607422945643,
        "researchAndDevelopmentExpenses": 21419000000,
        "generalAndAdministrativeExpenses": 8126000000,
        "sellingAndMarketingExpenses": 16333000000,
        "sellingGeneralAndAdministrativeExpenses": 24459000000,
        "otherExpenses": 0,
        "operatingExpenses": 45878000000,
        "costAndExpenses": 105427000000,
        "interestIncome": 1878000000,
        "interestExpense": 114000000,
        "depreciationAndAmortization": 9035000000,
        "ebitda": 44062000000,
        "ebitdaratio": 0.3220459146755933,
        "operatingIncome": 26321000000,
        "operatingIncomeRatio": 0.19237825155862856,
        "totalOtherIncomeExpensesNet": 8592000000,
        "incomeBeforeTax": 34913000000,
        "incomeBeforeTaxRatio": 0.255176547116994,
        "incomeTaxExpense": 4177000000,
        "netIncome": 30736000000,
        "netIncomeRatio": 0.22464716157843576,
        "eps": 2.211001,
        "epsdiluted": 2.185001,
        "weightedAverageShsOut": 13901396520,
        "weightedAverageShsOutDil": 14066813595,
        "link": "https://www.sec.gov/Archives/edgar/data/1652044/000165204419000004/goog10-kq42018.htm",
        "finalLink": "https://www.sec.gov/Archives/edgar/data/1652044/000165204419000004/goog10-kq42018.htm"
    },
    {
        "date": "2017-12-31",
        "symbol": "GOOG",
        "reportedCurrency": "USD",
        "cik": "0001652044",
        "fillingDate": "2018-02-06",
        "acceptedDate": "2018-02-05 20:46:29",
        "calendarYear": "2017",
        "period": "FY",
        "revenue": 110855000000,
        "costOfRevenue": 45583000000,
        "grossProfit": 65272000000,
        "grossProfitRatio": 0.5888051959767263,
        "researchAndDevelopmentExpenses": 16625000000,
        "generalAndAdministrativeExpenses": 6872000000,
        "sellingAndMarketingExpenses": 12893000000,
        "sellingGeneralAndAdministrativeExpenses": 19765000000,
        "otherExpenses": 0,
        "operatingExpenses": 36390000000,
        "costAndExpenses": 81973000000,
        "interestIncome": 1312000000,
        "interestExpense": 109000000,
        "depreciationAndAmortization": 6915000000,
        "ebitda": 34217000000,
        "ebitdaratio": 0.30866447160705424,
        "operatingIncome": 26146000000,
        "operatingIncomeRatio": 0.2358576518876009,
        "totalOtherIncomeExpensesNet": 1047000000,
        "incomeBeforeTax": 27193000000,
        "incomeBeforeTaxRatio": 0.2453024220829011,
        "incomeTaxExpense": 14531000000,
        "netIncome": 12662000000,
        "netIncomeRatio": 0.11422128005051645,
        "eps": 0.9135,
        "epsdiluted": 0.9,
        "weightedAverageShsOut": 13860968730,
        "weightedAverageShsOutDil": 14068883261,
        "link": "https://www.sec.gov/Archives/edgar/data/1652044/000165204418000007/goog10-kq42017.htm",
        "finalLink": "https://www.sec.gov/Archives/edgar/data/1652044/000165204418000007/goog10-kq42017.htm"
    },
    {
        "date": "2016-12-31",
        "symbol": "GOOG",
        "reportedCurrency": "USD",
        "cik": "0001652044",
        "fillingDate": "2017-02-03",
        "acceptedDate": "2017-02-02 18:13:47",
        "calendarYear": "2016",
        "period": "FY",
        "revenue": 90272000000,
        "costOfRevenue": 35138000000,
        "grossProfit": 55134000000,
        "grossProfitRatio": 0.6107541651896491,
        "researchAndDevelopmentExpenses": 13948000000,
        "generalAndAdministrativeExpenses": 6985000000,
        "sellingAndMarketingExpenses": 10485000000,
        "sellingGeneralAndAdministrativeExpenses": 17470000000,
        "otherExpenses": 0,
        "operatingExpenses": 31418000000,
        "costAndExpenses": 66556000000,
        "interestIncome": 1220000000,
        "interestExpense": 124000000,
        "depreciationAndAmortization": 6144000000,
        "ebitda": 30418000000,
        "ebitdaratio": 0.33695941155618575,
        "operatingIncome": 23716000000,
        "operatingIncomeRatio": 0.26271712158808935,
        "totalOtherIncomeExpensesNet": 434000000,
        "incomeBeforeTax": 24150000000,
        "incomeBeforeTaxRatio": 0.26752481389578164,
        "incomeTaxExpense": 4672000000,
        "netIncome": 19478000000,
        "netIncomeRatio": 0.2157701169797944,
        "eps": 1.416001,
        "epsdiluted": 1.392501,
        "weightedAverageShsOut": 13755644215,
        "weightedAverageShsOutDil": 13987786146,
        "link": "https://www.sec.gov/Archives/edgar/data/1652044/000165204417000008/goog10-kq42016.htm",
        "finalLink": "https://www.sec.gov/Archives/edgar/data/1652044/000165204417000008/goog10-kq42016.htm"
    },
    {
        "date": "2015-12-31",
        "symbol": "GOOG",
        "reportedCurrency": "USD",
        "cik": "0001652044",
        "fillingDate": "2016-02-11",
        "acceptedDate": "2016-02-11 16:38:35",
        "calendarYear": "2015",
        "period": "FY",
        "revenue": 74989000000,
        "costOfRevenue": 28164000000,
        "grossProfit": 46825000000,
        "grossProfitRatio": 0.6244249156542959,
        "researchAndDevelopmentExpenses": 12282000000,
        "generalAndAdministrativeExpenses": 6136000000,
        "sellingAndMarketingExpenses": 9047000000,
        "sellingGeneralAndAdministrativeExpenses": 15183000000,
        "otherExpenses": 0,
        "operatingExpenses": 27465000000,
        "costAndExpenses": 55629000000,
        "interestIncome": 999000000,
        "interestExpense": 104000000,
        "depreciationAndAmortization": 5063000000,
        "ebitda": 24818000000,
        "ebitdaratio": 0.3309552067636587,
        "operatingIncome": 19360000000,
        "operatingIncomeRatio": 0.25817119844243824,
        "totalOtherIncomeExpensesNet": 291000000,
        "incomeBeforeTax": 19651000000,
        "incomeBeforeTaxRatio": 0.26205176759258025,
        "incomeTaxExpense": 3303000000,
        "netIncome": 16348000000,
        "netIncomeRatio": 0.21800530744509194,
        "eps": 1.1555,
        "epsdiluted": 1.142,
        "weightedAverageShsOut": 13696229917,
        "weightedAverageShsOutDil": 13858138064,
        "link": "https://www.sec.gov/Archives/edgar/data/1652044/000165204416000012/goog10-k2015.htm",
        "finalLink": "https://www.sec.gov/Archives/edgar/data/1652044/000165204416000012/goog10-k2015.htm"
    },
    {
        "date": "2014-12-31",
        "symbol": "GOOG",
        "reportedCurrency": "USD",
        "cik": "0001652044",
        "fillingDate": "2014-12-31",
        "acceptedDate": "2014-12-30 19:00:00",
        "calendarYear": "2014",
        "period": "FY",
        "revenue": 66001000000,
        "costOfRevenue": 25691000000,
        "grossProfit": 40310000000,
        "grossProfitRatio": 0.6107483219951213,
        "researchAndDevelopmentExpenses": 9832000000,
        "generalAndAdministrativeExpenses": 5851000000,
        "sellingAndMarketingExpenses": 8131000000,
        "sellingGeneralAndAdministrativeExpenses": 13982000000,
        "otherExpenses": 0,
        "operatingExpenses": 23814000000,
        "costAndExpenses": 49505000000,
        "interestIncome": 746000000,
        "interestExpense": 101000000,
        "depreciationAndAmortization": 4979000000,
        "ebitda": 22855000000,
        "ebitdaratio": 0.3462826320813321,
        "operatingIncome": 16496000000,
        "operatingIncomeRatio": 0.24993560703625703,
        "totalOtherIncomeExpensesNet": 763000000,
        "incomeBeforeTax": 17259000000,
        "incomeBeforeTaxRatio": 0.2614960379388191,
        "incomeTaxExpense": 3331000000,
        "netIncome": 14444000000,
        "netIncomeRatio": 0.2188451690125907,
        "eps": 1.0685,
        "epsdiluted": 1.051,
        "weightedAverageShsOut": 13518694592,
        "weightedAverageShsOutDil": 13741394503,
        "link": "",
        "finalLink": ""
    },
    {
        "date": "2013-12-31",
        "symbol": "GOOG",
        "reportedCurrency": "USD",
        "cik": "0001652044",
        "fillingDate": "2013-12-31",
        "acceptedDate": "2013-12-30 19:00:00",
        "calendarYear": "2013",
        "period": "FY",
        "revenue": 59825000000,
        "costOfRevenue": 25858000000,
        "grossProfit": 33967000000,
        "grossProfitRatio": 0.567772670288341,
        "researchAndDevelopmentExpenses": 7952000000,
        "generalAndAdministrativeExpenses": 4796000000,
        "sellingAndMarketingExpenses": 7253000000,
        "sellingGeneralAndAdministrativeExpenses": 12049000000,
        "otherExpenses": 0,
        "operatingExpenses": 20001000000,
        "costAndExpenses": 45859000000,
        "interestIncome": 785000000,
        "interestExpense": 83000000,
        "depreciationAndAmortization": 3939000000,
        "ebitda": 19224000000,
        "ebitdaratio": 0.32133723359799415,
        "operatingIncome": 13966000000,
        "operatingIncomeRatio": 0.23344755536982867,
        "totalOtherIncomeExpensesNet": 530000000,
        "incomeBeforeTax": 14496000000,
        "incomeBeforeTaxRatio": 0.2423067279565399,
        "incomeTaxExpense": 2282000000,
        "netIncome": 12920000000,
        "netIncomeRatio": 0.21596322607605517,
        "eps": 1.941001,
        "epsdiluted": 1.906501,
        "weightedAverageShsOut": 6656917337,
        "weightedAverageShsOutDil": 6776177289,
        "link": "",
        "finalLink": ""
    },
    {
        "date": "2012-12-31",
        "symbol": "GOOG",
        "reportedCurrency": "USD",
        "cik": "0001652044",
        "fillingDate": "2012-12-31",
        "acceptedDate": "2012-12-30 19:00:00",
        "calendarYear": "2012",
        "period": "FY",
        "revenue": 50175000000,
        "costOfRevenue": 20634000000,
        "grossProfit": 29541000000,
        "grossProfitRatio": 0.5887593423019432,
        "researchAndDevelopmentExpenses": 6793000000,
        "generalAndAdministrativeExpenses": 3845000000,
        "sellingAndMarketingExpenses": 6143000000,
        "sellingGeneralAndAdministrativeExpenses": 9988000000,
        "otherExpenses": 0,
        "operatingExpenses": 16781000000,
        "costAndExpenses": 37415000000,
        "interestIncome": 713000000,
        "interestExpense": 84000000,
        "depreciationAndAmortization": 2962000000,
        "ebitda": 16381000000,
        "ebitdaratio": 0.3264773293472845,
        "operatingIncome": 12760000000,
        "operatingIncomeRatio": 0.2543099152964624,
        "totalOtherIncomeExpensesNet": 626000000,
        "incomeBeforeTax": 13386000000,
        "incomeBeforeTaxRatio": 0.2667862481315396,
        "incomeTaxExpense": 2598000000,
        "netIncome": 10737000000,
        "netIncomeRatio": 0.21399103139013453,
        "eps": 1.640501,
        "epsdiluted": 1.615501,
        "weightedAverageShsOut": 6544257382,
        "weightedAverageShsOutDil": 6646097341,
        "link": "",
        "finalLink": ""
    },
    {
        "date": "2011-12-31",
        "symbol": "GOOG",
        "reportedCurrency": "USD",
        "cik": "0001652044",
        "fillingDate": "2011-12-31",
        "acceptedDate": "2011-12-30 19:00:00",
        "calendarYear": "2011",
        "period": "FY",
        "revenue": 37905000000,
        "costOfRevenue": 13188000000,
        "grossProfit": 24717000000,
        "grossProfitRatio": 0.6520775623268698,
        "researchAndDevelopmentExpenses": 5162000000,
        "generalAndAdministrativeExpenses": 3224000000,
        "sellingAndMarketingExpenses": 4589000000,
        "sellingGeneralAndAdministrativeExpenses": 7813000000,
        "otherExpenses": 0,
        "operatingExpenses": 12975000000,
        "costAndExpenses": 26163000000,
        "interestIncome": 812000000,
        "interestExpense": 58000000,
        "depreciationAndAmortization": 1851000000,
        "ebitda": 14235000000,
        "ebitdaratio": 0.37554412346656113,
        "operatingIncome": 11742000000,
        "operatingIncomeRatio": 0.3097744360902256,
        "totalOtherIncomeExpensesNet": 584000000,
        "incomeBeforeTax": 12326000000,
        "incomeBeforeTaxRatio": 0.3251813744888537,
        "incomeTaxExpense": 2589000000,
        "netIncome": 9737000000,
        "netIncomeRatio": 0.25687903970452447,
        "eps": 1.508501,
        "epsdiluted": 1.488001,
        "weightedAverageShsOut": 6455557417,
        "weightedAverageShsOutDil": 6544277382,
        "link": "",
        "finalLink": ""
    },
    {
        "date": "2010-12-31",
        "symbol": "GOOG",
        "reportedCurrency": "USD",
        "cik": "0001652044",
        "fillingDate": "2010-12-31",
        "acceptedDate": "2010-12-30 19:00:00",
        "calendarYear": "2010",
        "period": "FY",
        "revenue": 29321000000,
        "costOfRevenue": 10417000000,
        "grossProfit": 18904000000,
        "grossProfitRatio": 0.6447256232734218,
        "researchAndDevelopmentExpenses": 3762000000,
        "generalAndAdministrativeExpenses": 1962000000,
        "sellingAndMarketingExpenses": 2799000000,
        "sellingGeneralAndAdministrativeExpenses": 4761000000,
        "otherExpenses": 0,
        "operatingExpenses": 8523000000,
        "costAndExpenses": 18940000000,
        "interestIncome": 579000000,
        "interestExpense": 579000000,
        "depreciationAndAmortization": 1396000000,
        "ebitda": 12771000000,
        "ebitdaratio": 0.4355581323965758,
        "operatingIncome": 10381000000,
        "operatingIncomeRatio": 0.35404658776985776,
        "totalOtherIncomeExpensesNet": 415000000,
        "incomeBeforeTax": 10796000000,
        "incomeBeforeTaxRatio": 0.36820026602094064,
        "incomeTaxExpense": 2291000000,
        "netIncome": 8505000000,
        "netIncomeRatio": 0.29006514102520375,
        "eps": 1.334501,
        "epsdiluted": 1.315501,
        "weightedAverageShsOut": 6374037450,
        "weightedAverageShsOutDil": 6465017413,
        "link": "",
        "finalLink": ""
    },
    {
        "date": "2009-12-31",
        "symbol": "GOOG",
        "reportedCurrency": "USD",
        "cik": "0001652044",
        "fillingDate": "2009-12-31",
        "acceptedDate": "2009-12-30 19:00:00",
        "calendarYear": "2009",
        "period": "FY",
        "revenue": 23650563000,
        "costOfRevenue": 8844115000,
        "grossProfit": 14806448000,
        "grossProfitRatio": 0.6260505511010457,
        "researchAndDevelopmentExpenses": 2843027000,
        "generalAndAdministrativeExpenses": 1667294000,
        "sellingAndMarketingExpenses": 1983941000,
        "sellingGeneralAndAdministrativeExpenses": 3651235000,
        "otherExpenses": 0,
        "operatingExpenses": 6494262000,
        "costAndExpenses": 15338377000,
        "interestIncome": 229673000,
        "interestExpense": 229673000,
        "depreciationAndAmortization": 1524308000,
        "ebitda": 10135170000,
        "ebitdaratio": 0.42853821281125526,
        "operatingIncome": 8312186000,
        "operatingIncomeRatio": 0.35145827183902556,
        "totalOtherIncomeExpensesNet": 69003000,
        "incomeBeforeTax": 8381189000,
        "incomeBeforeTaxRatio": 0.3543758768025945,
        "incomeTaxExpense": 1860741000,
        "netIncome": 6520448000,
        "netIncomeRatio": 0.27569948334845135,
        "eps": 1.031,
        "epsdiluted": 1.0205,
        "weightedAverageShsOut": 6324417470,
        "weightedAverageShsOutDil": 6388317444,
        "link": "",
        "finalLink": ""
    },
    {
        "date": "2008-12-31",
        "symbol": "GOOG",
        "reportedCurrency": "USD",
        "cik": "0001652044",
        "fillingDate": "2008-12-31",
        "acceptedDate": "2008-12-30 19:00:00",
        "calendarYear": "2008",
        "period": "FY",
        "revenue": 21795550000,
        "costOfRevenue": 8621506000,
        "grossProfit": 13174044000,
        "grossProfitRatio": 0.6044373278031525,
        "researchAndDevelopmentExpenses": 2793192000,
        "generalAndAdministrativeExpenses": 1802639000,
        "sellingAndMarketingExpenses": 1946244000,
        "sellingGeneralAndAdministrativeExpenses": 3748883000,
        "otherExpenses": 0,
        "operatingExpenses": 6542075000,
        "costAndExpenses": 15163581000,
        "interestIncome": 389533000,
        "interestExpense": 389533000,
        "depreciationAndAmortization": 1499887000,
        "ebitda": 7743016000,
        "ebitdaratio": 0.3552567381873823,
        "operatingIncome": 6631969000,
        "operatingIncomeRatio": 0.30428087384810204,
        "totalOtherIncomeExpensesNet": -778373000,
        "incomeBeforeTax": 5853596000,
        "incomeBeforeTaxRatio": 0.26856840043036306,
        "incomeTaxExpense": 1626738000,
        "netIncome": 4226858000,
        "netIncomeRatio": 0.19393215587585538,
        "eps": 0.673,
        "epsdiluted": 0.6655,
        "weightedAverageShsOut": 6279177488,
        "weightedAverageShsOutDil": 6350277459,
        "link": "",
        "finalLink": ""
    },
    {
        "date": "2007-12-31",
        "symbol": "GOOG",
        "reportedCurrency": "USD",
        "cik": "0001652044",
        "fillingDate": "2007-12-31",
        "acceptedDate": "2007-12-30 19:00:00",
        "calendarYear": "2007",
        "period": "FY",
        "revenue": 16593986000,
        "costOfRevenue": 6649085000,
        "grossProfit": 9944901000,
        "grossProfitRatio": 0.5993075443115355,
        "researchAndDevelopmentExpenses": 2119985000,
        "generalAndAdministrativeExpenses": 1279250000,
        "sellingAndMarketingExpenses": 1461266000,
        "sellingGeneralAndAdministrativeExpenses": 2740516000,
        "otherExpenses": 0,
        "operatingExpenses": 4860501000,
        "costAndExpenses": 11509586000,
        "interestIncome": 559205000,
        "interestExpense": 1203000,
        "depreciationAndAmortization": 967658000,
        "ebitda": 6642841000,
        "ebitdaratio": 0.400316174787661,
        "operatingIncome": 5084400000,
        "operatingIncomeRatio": 0.30640016208281723,
        "totalOtherIncomeExpensesNet": 589580000,
        "incomeBeforeTax": 5673980000,
        "incomeBeforeTaxRatio": 0.3419299015920587,
        "incomeTaxExpense": 1470260000,
        "netIncome": 4203720000,
        "netIncomeRatio": 0.2533279225377194,
        "eps": 0.6765,
        "epsdiluted": 0.6645,
        "weightedAverageShsOut": 6216117513,
        "weightedAverageShsOutDil": 6324197470,
        "link": "",
        "finalLink": ""
    },
    {
        "date": "2006-12-31",
        "symbol": "GOOG",
        "reportedCurrency": "USD",
        "cik": "0001652044",
        "fillingDate": "2006-12-31",
        "acceptedDate": "2006-12-30 19:00:00",
        "calendarYear": "2006",
        "period": "FY",
        "revenue": 10604917000,
        "costOfRevenue": 4225027000,
        "grossProfit": 6379890000,
        "grossProfitRatio": 0.6015973533786262,
        "researchAndDevelopmentExpenses": 1228589000,
        "generalAndAdministrativeExpenses": 0,
        "sellingAndMarketingExpenses": 0,
        "sellingGeneralAndAdministrativeExpenses": 1601305000,
        "otherExpenses": 0,
        "operatingExpenses": 2829894000,
        "costAndExpenses": 7054921000,
        "interestIncome": 0,
        "interestExpense": 0,
        "depreciationAndAmortization": 571939000,
        "ebitda": 4582979000,
        "ebitdaratio": 0.43215604610578284,
        "operatingIncome": 3549996000,
        "operatingIncomeRatio": 0.33475000322963394,
        "totalOtherIncomeExpensesNet": 461044000,
        "incomeBeforeTax": 4011040000,
        "incomeBeforeTaxRatio": 0.37822455376124114,
        "incomeTaxExpense": 933594000,
        "netIncome": 3077446000,
        "netIncomeRatio": 0.2901904842819609,
        "eps": 0.5105,
        "epsdiluted": 0.497,
        "weightedAverageShsOut": 5991377603,
        "weightedAverageShsOutDil": 6164897534,
        "link": "",
        "finalLink": ""
    },
    {
        "date": "2005-12-31",
        "symbol": "GOOG",
        "reportedCurrency": "USD",
        "cik": "0001652044",
        "fillingDate": "2005-12-31",
        "acceptedDate": "2005-12-30 19:00:00",
        "calendarYear": "2005",
        "period": "FY",
        "revenue": 6138560000,
        "costOfRevenue": 2571509000,
        "grossProfit": 3567051000,
        "grossProfitRatio": 0.5810892131053537,
        "researchAndDevelopmentExpenses": 483978000,
        "generalAndAdministrativeExpenses": 0,
        "sellingAndMarketingExpenses": 0,
        "sellingGeneralAndAdministrativeExpenses": 975795000,
        "otherExpenses": 90000000,
        "operatingExpenses": 1549773000,
        "costAndExpenses": 4121282000,
        "interestIncome": 0,
        "interestExpense": 0,
        "depreciationAndAmortization": 293812000,
        "ebitda": 2435489000,
        "ebitdaratio": 0.3967524956993171,
        "operatingIncome": 2017278000,
        "operatingIncomeRatio": 0.32862397695876555,
        "totalOtherIncomeExpensesNet": 124399000,
        "incomeBeforeTax": 2141677000,
        "incomeBeforeTaxRatio": 0.3488891531564406,
        "incomeTaxExpense": 676280000,
        "netIncome": 1465397000,
        "netIncomeRatio": 0.2387199929625189,
        "eps": 0.2655,
        "epsdiluted": 0.251,
        "weightedAverageShsOut": 5516877793,
        "weightedAverageShsOutDil": 5837477665,
        "link": "",
        "finalLink": ""
    },
    {
        "date": "2004-12-31",
        "symbol": "GOOG",
        "reportedCurrency": "USD",
        "cik": "0001652044",
        "fillingDate": "2004-12-31",
        "acceptedDate": "2004-12-30 19:00:00",
        "calendarYear": "2004",
        "period": "FY",
        "revenue": 3189223000,
        "costOfRevenue": 1457653000,
        "grossProfit": 1731570000,
        "grossProfitRatio": 0.5429441591259062,
        "researchAndDevelopmentExpenses": 225632000,
        "generalAndAdministrativeExpenses": 0,
        "sellingAndMarketingExpenses": 0,
        "sellingGeneralAndAdministrativeExpenses": 664746000,
        "otherExpenses": 201000000,
        "operatingExpenses": 1091378000,
        "costAndExpenses": 2549031000,
        "interestIncome": 0,
        "interestExpense": 0,
        "depreciationAndAmortization": 148473000,
        "ebitda": 798707000,
        "ebitdaratio": 0.2504393703419297,
        "operatingIncome": 640192000,
        "operatingIncomeRatio": 0.20073604134925654,
        "totalOtherIncomeExpensesNet": 10042000,
        "incomeBeforeTax": 650234000,
        "incomeBeforeTaxRatio": 0.20388477067925323,
        "incomeTaxExpense": 251115000,
        "netIncome": 399119000,
        "netIncomeRatio": 0.12514615628947867,
        "eps": 0.1035,
        "epsdiluted": 0.073,
        "weightedAverageShsOut": 3863518454,
        "weightedAverageShsOutDil": 5455617817,
        "link": "",
        "finalLink": ""
    },
    {
        "date": "2003-12-31",
        "symbol": "GOOG",
        "reportedCurrency": "USD",
        "cik": "0001652044",
        "fillingDate": "2003-12-31",
        "acceptedDate": "2003-12-30 19:00:00",
        "calendarYear": "2003",
        "period": "FY",
        "revenue": 1465934000,
        "costOfRevenue": 625854000,
        "grossProfit": 840080000,
        "grossProfitRatio": 0.5730680917421931,
        "researchAndDevelopmentExpenses": 91228000,
        "generalAndAdministrativeExpenses": 0,
        "sellingAndMarketingExpenses": 0,
        "sellingGeneralAndAdministrativeExpenses": 406388000,
        "otherExpenses": 0,
        "operatingExpenses": 497616000,
        "costAndExpenses": 1123470000,
        "interestIncome": 0,
        "interestExpense": 0,
        "depreciationAndAmortization": 55049000,
        "ebitda": 401703000,
        "ebitdaratio": 0.2740252971825471,
        "operatingIncome": 342464000,
        "operatingIncomeRatio": 0.23361488307113418,
        "totalOtherIncomeExpensesNet": 4190000,
        "incomeBeforeTax": 346654000,
        "incomeBeforeTaxRatio": 0.23647312907675244,
        "incomeTaxExpense": 241006000,
        "netIncome": 105648000,
        "netIncomeRatio": 0.07206872887865347,
        "eps": 0.0385,
        "epsdiluted": 0.0205,
        "weightedAverageShsOut": 2753938898,
        "weightedAverageShsOutDil": 5132757946,
        "link": "",
        "finalLink": ""
    },
    {
        "date": "2002-12-31",
        "symbol": "GOOG",
        "reportedCurrency": "USD",
        "cik": "0001652044",
        "fillingDate": "2002-12-31",
        "acceptedDate": "2002-12-30 19:00:00",
        "calendarYear": "2002",
        "period": "FY",
        "revenue": 439508000,
        "costOfRevenue": 131510000,
        "grossProfit": 307998000,
        "grossProfitRatio": 0.7007790529410158,
        "researchAndDevelopmentExpenses": 31748000,
        "generalAndAdministrativeExpenses": 0,
        "sellingAndMarketingExpenses": 0,
        "sellingGeneralAndAdministrativeExpenses": 89784000,
        "otherExpenses": 0,
        "operatingExpenses": 121532000,
        "costAndExpenses": 253042000,
        "interestIncome": 0,
        "interestExpense": 0,
        "depreciationAndAmortization": 28983000,
        "ebitda": 213898000,
        "ebitdaratio": 0.4866760104480464,
        "operatingIncome": 186466000,
        "operatingIncomeRatio": 0.4242607643091821,
        "totalOtherIncomeExpensesNet": -1551000,
        "incomeBeforeTax": 184915000,
        "incomeBeforeTaxRatio": 0.4207318183059239,
        "incomeTaxExpense": 85259000,
        "netIncome": 99656000,
        "netIncomeRatio": 0.22674445061295811,
        "eps": 0.0385,
        "epsdiluted": 0.0205,
        "weightedAverageShsOut": 2753938898,
        "weightedAverageShsOutDil": 5132757946,
        "link": "",
        "finalLink": ""
    },
    {
        "date": "2001-12-31",
        "symbol": "GOOG",
        "reportedCurrency": "USD",
        "cik": "0001652044",
        "fillingDate": "2001-12-31",
        "acceptedDate": "2001-12-30 19:00:00",
        "calendarYear": "2001",
        "period": "FY",
        "revenue": 86426000,
        "costOfRevenue": 14228000,
        "grossProfit": 72198000,
        "grossProfitRatio": 0.8353736144215861,
        "researchAndDevelopmentExpenses": 16500000,
        "generalAndAdministrativeExpenses": 0,
        "sellingAndMarketingExpenses": 0,
        "sellingGeneralAndAdministrativeExpenses": 0,
        "otherExpenses": 0,
        "operatingExpenses": 16500000,
        "costAndExpenses": 30728000,
        "interestIncome": 0,
        "interestExpense": 0,
        "depreciationAndAmortization": 0,
        "ebitda": 10068000,
        "ebitdaratio": 0.11649272209751695,
        "operatingIncome": 10964000,
        "operatingIncomeRatio": 0.12685997269340246,
        "totalOtherIncomeExpensesNet": -896000,
        "incomeBeforeTax": 10068000,
        "incomeBeforeTaxRatio": 0.11649272209751695,
        "incomeTaxExpense": 3083000,
        "netIncome": 6985000,
        "netIncomeRatio": 0.08082058639761183,
        "eps": 0.0035,
        "epsdiluted": 0.002,
        "weightedAverageShsOut": 1890459243,
        "weightedAverageShsOutDil": 3735518505,
        "link": "",
        "finalLink": ""
    },
    {
        "date": "2000-12-31",
        "symbol": "GOOG",
        "reportedCurrency": "USD",
        "cik": "0001652044",
        "fillingDate": "2000-12-31",
        "acceptedDate": "2000-12-30 19:00:00",
        "calendarYear": "2000",
        "period": "FY",
        "revenue": 19108000,
        "costOfRevenue": 6081000,
        "grossProfit": 13027000,
        "grossProfitRatio": 0.6817563324262089,
        "researchAndDevelopmentExpenses": 10516000,
        "generalAndAdministrativeExpenses": 0,
        "sellingAndMarketingExpenses": 0,
        "sellingGeneralAndAdministrativeExpenses": 14742000,
        "otherExpenses": 2506000,
        "operatingExpenses": 27764000,
        "costAndExpenses": 33845000,
        "interestIncome": 0,
        "interestExpense": 0,
        "depreciationAndAmortization": 0,
        "ebitda": -14690000,
        "ebitdaratio": -0.7687879422231526,
        "operatingIncome": -14737000,
        "operatingIncomeRatio": -0.7712476449654595,
        "totalOtherIncomeExpensesNet": 47000,
        "incomeBeforeTax": -14690000,
        "incomeBeforeTaxRatio": -0.7687879422231526,
        "incomeTaxExpense": 0,
        "netIncome": -14690000,
        "netIncomeRatio": -0.7687879422231526,
        "eps": -0.011,
        "epsdiluted": -0.011,
        "weightedAverageShsOut": 1340639463,
        "weightedAverageShsOutDil": 1340639463,
        "link": "",
        "finalLink": ""
    }
]