[
    {
        "date": "2021-12-25",
        "symbol": "GRMN",
        "reportedCurrency": "USD",
        "cik": "0001121788",
        "fillingDate": "2022-02-16",
        "acceptedDate": "2022-02-16 07:00:56",
        "calendarYear": "2021",
        "period": "FY",
        "revenue": 4982795000,
        "costOfRevenue": 2092336000,
        "grossProfit": 2890459000,
        "grossProfitRatio": 0.58008788240335,
        "researchAndDevelopmentExpenses": 840024000,
        "generalAndAdministrativeExpenses": 659986000,
        "sellingAndMarketingExpenses": 171829000,
        "sellingGeneralAndAdministrativeExpenses": 831815000,
        "otherExpenses": 0,
        "operatingExpenses": 1671839000,
        "costAndExpenses": 3764175000,
        "interestIncome": 28573000,
        "interestExpense": 28573000,
        "depreciationAndAmortization": 154818000,
        "ebitda": 1390187000,
        "ebitdaratio": 0.2789974301571708,
        "operatingIncome": 1218620000,
        "operatingIncomeRatio": 0.24456555005774872,
        "totalOtherIncomeExpensesNet": -11824000,
        "incomeBeforeTax": 1206796000,
        "incomeBeforeTaxRatio": 0.2421925846838973,
        "incomeTaxExpense": 124596000,
        "netIncome": 1082200000,
        "netIncomeRatio": 0.21718734164259215,
        "eps": 5.63,
        "epsdiluted": 5.61,
        "weightedAverageShsOut": 192180000,
        "weightedAverageShsOutDil": 193043000,
        "link": "https://www.sec.gov/Archives/edgar/data/1121788/000095017022001303/0000950170-22-001303-index.htm",
        "finalLink": "https://www.sec.gov/Archives/edgar/data/1121788/000095017022001303/grmn-20211225.htm"
    },
    {
        "date": "2020-12-26",
        "symbol": "GRMN",
        "reportedCurrency": "USD",
        "cik": "0001121788",
        "fillingDate": "2021-02-17",
        "acceptedDate": "2021-02-17 07:00:53",
        "calendarYear": "2020",
        "period": "FY",
        "revenue": 4186573000,
        "costOfRevenue": 1705237000,
        "grossProfit": 2481336000,
        "grossProfitRatio": 0.5926890561803174,
        "researchAndDevelopmentExpenses": 705685000,
        "generalAndAdministrativeExpenses": 570245000,
        "sellingAndMarketingExpenses": 151166000,
        "sellingGeneralAndAdministrativeExpenses": 721411000,
        "otherExpenses": 0,
        "operatingExpenses": 1427096000,
        "costAndExpenses": 3132333000,
        "interestIncome": 37002000,
        "interestExpense": 37002000,
        "depreciationAndAmortization": 126715000,
        "ebitda": 1267127000,
        "ebitdaratio": 0.3026644943250721,
        "operatingIncome": 1054240000,
        "operatingIncomeRatio": 0.2518145509465618,
        "totalOtherIncomeExpensesNet": 49170000,
        "incomeBeforeTax": 1103410000,
        "incomeBeforeTaxRatio": 0.2635592404575293,
        "incomeTaxExpense": 111086000,
        "netIncome": 992324000,
        "netIncomeRatio": 0.23702536657070114,
        "eps": 5.19,
        "epsdiluted": 5.17,
        "weightedAverageShsOut": 191085000,
        "weightedAverageShsOutDil": 191895000,
        "link": "https://www.sec.gov/Archives/edgar/data/1121788/000156459021006192/0001564590-21-006192-index.htm",
        "finalLink": "https://www.sec.gov/ix?doc=/Archives/edgar/data/1121788/000156459021006192/grmn-10k_20201226.htm"
    },
    {
        "date": "2019-12-28",
        "symbol": "GRMN",
        "reportedCurrency": "USD",
        "cik": "0001121788",
        "fillingDate": "2019-12-28",
        "acceptedDate": "2019-12-27 19:00:00",
        "calendarYear": "2019",
        "period": "FY",
        "revenue": 3757505000,
        "costOfRevenue": 1523529000,
        "grossProfit": 2233976000,
        "grossProfitRatio": 0.5945370664842762,
        "researchAndDevelopmentExpenses": 605366000,
        "generalAndAdministrativeExpenses": 518568000,
        "sellingAndMarketingExpenses": 164456000,
        "sellingGeneralAndAdministrativeExpenses": 683024000,
        "otherExpenses": 0,
        "operatingExpenses": 1288390000,
        "costAndExpenses": 2811919000,
        "interestIncome": 52817000,
        "interestExpense": 52817000,
        "depreciationAndAmortization": 106175000,
        "ebitda": 1146214000,
        "ebitdaratio": 0.3050465668043023,
        "operatingIncome": 945586000,
        "operatingIncomeRatio": 0.251652625878076,
        "totalOtherIncomeExpensesNet": 41636000,
        "incomeBeforeTax": 987222000,
        "incomeBeforeTaxRatio": 0.2627333829229768,
        "incomeTaxExpense": 34736000,
        "netIncome": 952486000,
        "netIncomeRatio": 0.2534889507798393,
        "eps": 5.01,
        "epsdiluted": 4.99,
        "weightedAverageShsOut": 189931000,
        "weightedAverageShsOutDil": 190899000,
        "link": "",
        "finalLink": ""
    },
    {
        "date": "2018-12-29",
        "symbol": "GRMN",
        "reportedCurrency": "USD",
        "cik": "0001121788",
        "fillingDate": "2018-12-29",
        "acceptedDate": "2018-12-28 19:00:00",
        "calendarYear": "2018",
        "period": "FY",
        "revenue": 3347444000,
        "costOfRevenue": 1367725000,
        "grossProfit": 1979719000,
        "grossProfitRatio": 0.5914121341537005,
        "researchAndDevelopmentExpenses": 567805000,
        "generalAndAdministrativeExpenses": 478177000,
        "sellingAndMarketingExpenses": 155394000,
        "sellingGeneralAndAdministrativeExpenses": 633571000,
        "otherExpenses": 0,
        "operatingExpenses": 1201376000,
        "costAndExpenses": 2569101000,
        "interestIncome": 47147000,
        "interestExpense": 47147000,
        "depreciationAndAmortization": 96194000,
        "ebitda": 966588000,
        "ebitdaratio": 0.2887540463709027,
        "operatingIncome": 778343000,
        "operatingIncomeRatio": 0.23251860225294285,
        "totalOtherIncomeExpensesNet": 44904000,
        "incomeBeforeTax": 823247000,
        "incomeBeforeTaxRatio": 0.24593301635516532,
        "incomeTaxExpense": 129167000,
        "netIncome": 694080000,
        "netIncomeRatio": 0.20734626180452906,
        "eps": 3.68,
        "epsdiluted": 3.66,
        "weightedAverageShsOut": 188635000,
        "weightedAverageShsOutDil": 189734000,
        "link": "",
        "finalLink": ""
    },
    {
        "date": "2017-12-30",
        "symbol": "GRMN",
        "reportedCurrency": "USD",
        "cik": "0001121788",
        "fillingDate": "2017-12-30",
        "acceptedDate": "2017-12-29 19:00:00",
        "calendarYear": "2017",
        "period": "FY",
        "revenue": 3087004000,
        "costOfRevenue": 1303840000,
        "grossProfit": 1783164000,
        "grossProfitRatio": 0.577635791855145,
        "researchAndDevelopmentExpenses": 511634000,
        "generalAndAdministrativeExpenses": 437977000,
        "sellingAndMarketingExpenses": 164693000,
        "sellingGeneralAndAdministrativeExpenses": 602670000,
        "otherExpenses": 0,
        "operatingExpenses": 1114304000,
        "costAndExpenses": 2418144000,
        "interestIncome": 36925000,
        "interestExpense": 36925000,
        "depreciationAndAmortization": 86252000,
        "ebitda": 805471000,
        "ebitdaratio": 0.2609232122796083,
        "operatingIncome": 668860000,
        "operatingIncomeRatio": 0.21666962530660797,
        "totalOtherIncomeExpensesNet": 13434000,
        "incomeBeforeTax": 682294000,
        "incomeBeforeTaxRatio": 0.2210214175297473,
        "incomeTaxExpense": -12661000,
        "netIncome": 694955000,
        "netIncomeRatio": 0.22512280515347566,
        "eps": 3.7,
        "epsdiluted": 3.68,
        "weightedAverageShsOut": 187828000,
        "weightedAverageShsOutDil": 188732000,
        "link": "",
        "finalLink": ""
    },
    {
        "date": "2016-12-31",
        "symbol": "GRMN",
        "reportedCurrency": "USD",
        "cik": "0001121788",
        "fillingDate": "2016-12-31",
        "acceptedDate": "2016-12-30 19:00:00",
        "calendarYear": "2016",
        "period": "FY",
        "revenue": 3018665000,
        "costOfRevenue": 1339095000,
        "grossProfit": 1679570000,
        "grossProfitRatio": 0.5563949626738972,
        "researchAndDevelopmentExpenses": 467960000,
        "generalAndAdministrativeExpenses": 410558000,
        "sellingAndMarketingExpenses": 177143000,
        "sellingGeneralAndAdministrativeExpenses": 587701000,
        "otherExpenses": 0,
        "operatingExpenses": 1055661000,
        "costAndExpenses": 2394756000,
        "interestIncome": 33406000,
        "interestExpense": 33406000,
        "depreciationAndAmortization": 86340000,
        "ebitda": 749416000,
        "ebitdaratio": 0.2482607377764674,
        "operatingIncome": 623909000,
        "operatingIncomeRatio": 0.20668374927327146,
        "totalOtherIncomeExpensesNet": 5761000,
        "incomeBeforeTax": 629670000,
        "incomeBeforeTaxRatio": 0.2085922088075358,
        "incomeTaxExpense": 118856000,
        "netIncome": 510814000,
        "netIncomeRatio": 0.16921851215686404,
        "eps": 2.71,
        "epsdiluted": 2.7,
        "weightedAverageShsOut": 188818000,
        "weightedAverageShsOutDil": 189343000,
        "link": "",
        "finalLink": ""
    },
    {
        "date": "2015-12-26",
        "symbol": "GRMN",
        "reportedCurrency": "USD",
        "cik": "0001121788",
        "fillingDate": "2015-12-26",
        "acceptedDate": "2015-12-25 19:00:00",
        "calendarYear": "2015",
        "period": "FY",
        "revenue": 2820270000,
        "costOfRevenue": 1281566000,
        "grossProfit": 1538704000,
        "grossProfitRatio": 0.5455874792129831,
        "researchAndDevelopmentExpenses": 427043000,
        "generalAndAdministrativeExpenses": 394914000,
        "sellingAndMarketingExpenses": 167166000,
        "sellingGeneralAndAdministrativeExpenses": 562080000,
        "otherExpenses": 0,
        "operatingExpenses": 989123000,
        "costAndExpenses": 2270689000,
        "interestIncome": 29653000,
        "interestExpense": 29653000,
        "depreciationAndAmortization": 78360000,
        "ebitda": 675200000,
        "ebitdaratio": 0.23940970190797334,
        "operatingIncome": 549581000,
        "operatingIncomeRatio": 0.19486822183691632,
        "totalOtherIncomeExpensesNet": 17606000,
        "incomeBeforeTax": 567187000,
        "incomeBeforeTaxRatio": 0.2011108865463236,
        "incomeTaxExpense": 110960000,
        "netIncome": 456227000,
        "netIncomeRatio": 0.16176713577068863,
        "eps": 2.39,
        "epsdiluted": 2.39,
        "weightedAverageShsOut": 190631000,
        "weightedAverageShsOutDil": 191107000,
        "link": "",
        "finalLink": ""
    },
    {
        "date": "2014-12-27",
        "symbol": "GRMN",
        "reportedCurrency": "USD",
        "cik": "0001121788",
        "fillingDate": "2014-12-27",
        "acceptedDate": "2014-12-26 19:00:00",
        "calendarYear": "2014",
        "period": "FY",
        "revenue": 2870658000,
        "costOfRevenue": 1266246000,
        "grossProfit": 1604412000,
        "grossProfitRatio": 0.5589004332804535,
        "researchAndDevelopmentExpenses": 395121000,
        "generalAndAdministrativeExpenses": 372032000,
        "sellingAndMarketingExpenses": 146633000,
        "sellingGeneralAndAdministrativeExpenses": 518665000,
        "otherExpenses": 0,
        "operatingExpenses": 913786000,
        "costAndExpenses": 2180032000,
        "interestIncome": 35584000,
        "interestExpense": 35584000,
        "depreciationAndAmortization": 77015000,
        "ebitda": 836344000,
        "ebitdaratio": 0.2913422636900669,
        "operatingIncome": 690626000,
        "operatingIncomeRatio": 0.24058107932049028,
        "totalOtherIncomeExpensesNet": 33119000,
        "incomeBeforeTax": 723745000,
        "incomeBeforeTaxRatio": 0.25211815548908995,
        "incomeTaxExpense": 359534000,
        "netIncome": 364211000,
        "netIncomeRatio": 0.12687369934001194,
        "eps": 1.89,
        "epsdiluted": 1.88,
        "weightedAverageShsOut": 193106000,
        "weightedAverageShsOutDil": 194165000,
        "link": "",
        "finalLink": ""
    },
    {
        "date": "2013-12-28",
        "symbol": "GRMN",
        "reportedCurrency": "USD",
        "cik": "0001121788",
        "fillingDate": "2013-12-28",
        "acceptedDate": "2013-12-27 19:00:00",
        "calendarYear": "2013",
        "period": "FY",
        "revenue": 2631851000,
        "costOfRevenue": 1224551000,
        "grossProfit": 1407300000,
        "grossProfitRatio": 0.5347187207786459,
        "researchAndDevelopmentExpenses": 364923000,
        "generalAndAdministrativeExpenses": 355440000,
        "sellingAndMarketingExpenses": 112905000,
        "sellingGeneralAndAdministrativeExpenses": 468345000,
        "otherExpenses": 0,
        "operatingExpenses": 833268000,
        "costAndExpenses": 2057819000,
        "interestIncome": 35271000,
        "interestExpense": 35271000,
        "depreciationAndAmortization": 78804000,
        "ebitda": 767633000,
        "ebitdaratio": 0.29167038711538,
        "operatingIncome": 574032000,
        "operatingIncomeRatio": 0.2181096118283292,
        "totalOtherIncomeExpensesNet": 79526000,
        "incomeBeforeTax": 653558000,
        "incomeBeforeTaxRatio": 0.24832636802007407,
        "incomeTaxExpense": 41146000,
        "netIncome": 612412000,
        "netIncomeRatio": 0.23269250424891075,
        "eps": 3.13,
        "epsdiluted": 3.12,
        "weightedAverageShsOut": 195411000,
        "weightedAverageShsOutDil": 196339000,
        "link": "",
        "finalLink": ""
    },
    {
        "date": "2012-12-29",
        "symbol": "GRMN",
        "reportedCurrency": "USD",
        "cik": "0001121788",
        "fillingDate": "2012-12-29",
        "acceptedDate": "2012-12-28 19:00:00",
        "calendarYear": "2012",
        "period": "FY",
        "revenue": 2715675000,
        "costOfRevenue": 1277195000,
        "grossProfit": 1438480000,
        "grossProfitRatio": 0.5296951954854686,
        "researchAndDevelopmentExpenses": 325773000,
        "generalAndAdministrativeExpenses": 369790000,
        "sellingAndMarketingExpenses": 138757000,
        "sellingGeneralAndAdministrativeExpenses": 508547000,
        "otherExpenses": 0,
        "operatingExpenses": 834320000,
        "costAndExpenses": 2111515000,
        "interestIncome": 35108000,
        "interestExpense": 35108000,
        "depreciationAndAmortization": 90467000,
        "ebitda": 750103000,
        "ebitdaratio": 0.2762123597264032,
        "operatingIncome": 604160000,
        "operatingIncomeRatio": 0.2224713929317757,
        "totalOtherIncomeExpensesNet": 20368000,
        "incomeBeforeTax": 624528000,
        "incomeBeforeTaxRatio": 0.22997155403352756,
        "incomeTaxExpense": 82125000,
        "netIncome": 542403000,
        "netIncomeRatio": 0.1997304537545914,
        "eps": 2.78,
        "epsdiluted": 2.76,
        "weightedAverageShsOut": 194909000,
        "weightedAverageShsOutDil": 196213000,
        "link": "",
        "finalLink": ""
    },
    {
        "date": "2011-12-31",
        "symbol": "GRMN",
        "reportedCurrency": "USD",
        "cik": "0001121788",
        "fillingDate": "2011-12-31",
        "acceptedDate": "2011-12-30 19:00:00",
        "calendarYear": "2011",
        "period": "FY",
        "revenue": 2758569000,
        "costOfRevenue": 1419977000,
        "grossProfit": 1338592000,
        "grossProfitRatio": 0.48524869234737283,
        "researchAndDevelopmentExpenses": 298584000,
        "generalAndAdministrativeExpenses": 341217000,
        "sellingAndMarketingExpenses": 145024000,
        "sellingGeneralAndAdministrativeExpenses": 486241000,
        "otherExpenses": 0,
        "operatingExpenses": 784825000,
        "costAndExpenses": 2204802000,
        "interestIncome": 32812000,
        "interestExpense": 32812000,
        "depreciationAndAmortization": 94535000,
        "ebitda": 711508000,
        "ebitdaratio": 0.2579264828974733,
        "operatingIncome": 553767000,
        "operatingIncomeRatio": 0.2007442989463015,
        "totalOtherIncomeExpensesNet": 30394000,
        "incomeBeforeTax": 584161000,
        "incomeBeforeTaxRatio": 0.2117623303966658,
        "incomeTaxExpense": 63265000,
        "netIncome": 520896000,
        "netIncomeRatio": 0.1888283381709865,
        "eps": 2.68,
        "epsdiluted": 2.67,
        "weightedAverageShsOut": 194105000,
        "weightedAverageShsOutDil": 194894000,
        "link": "",
        "finalLink": ""
    },
    {
        "date": "2010-12-25",
        "symbol": "GRMN",
        "reportedCurrency": "USD",
        "cik": "0001121788",
        "fillingDate": "2010-12-25",
        "acceptedDate": "2010-12-24 19:00:00",
        "calendarYear": "2010",
        "period": "FY",
        "revenue": 2689911000,
        "costOfRevenue": 1343537000,
        "grossProfit": 1346374000,
        "grossProfitRatio": 0.5005273408674116,
        "researchAndDevelopmentExpenses": 277261000,
        "generalAndAdministrativeExpenses": 287824000,
        "sellingAndMarketingExpenses": 144613000,
        "sellingGeneralAndAdministrativeExpenses": 432437000,
        "otherExpenses": 0,
        "operatingExpenses": 709698000,
        "costAndExpenses": 2053235000,
        "interestIncome": 24979000,
        "interestExpense": 1246000,
        "depreciationAndAmortization": 94651000,
        "ebitda": 673169000,
        "ebitdaratio": 0.25025697876249436,
        "operatingIncome": 636676000,
        "operatingIncomeRatio": 0.23669035890035023,
        "totalOtherIncomeExpensesNet": -59404000,
        "incomeBeforeTax": 577272000,
        "incomeBeforeTaxRatio": 0.21460635686459514,
        "incomeTaxExpense": -7331000,
        "netIncome": 584603000,
        "netIncomeRatio": 0.21733172584520455,
        "eps": 2.97,
        "epsdiluted": 2.95,
        "weightedAverageShsOut": 196979000,
        "weightedAverageShsOutDil": 198009000,
        "link": "",
        "finalLink": ""
    },
    {
        "date": "2009-12-26",
        "symbol": "GRMN",
        "reportedCurrency": "USD",
        "cik": "0001121788",
        "fillingDate": "2009-12-26",
        "acceptedDate": "2009-12-25 19:00:00",
        "calendarYear": "2009",
        "period": "FY",
        "revenue": 2946440000,
        "costOfRevenue": 1502329000,
        "grossProfit": 1444111000,
        "grossProfitRatio": 0.4901206201382007,
        "researchAndDevelopmentExpenses": 238378000,
        "generalAndAdministrativeExpenses": 264202000,
        "sellingAndMarketingExpenses": 155521000,
        "sellingGeneralAndAdministrativeExpenses": 419723000,
        "otherExpenses": 0,
        "operatingExpenses": 658101000,
        "costAndExpenses": 2160430000,
        "interestIncome": 23519000,
        "interestExpense": 23519000,
        "depreciationAndAmortization": 96486000,
        "ebitda": 928656000,
        "ebitdaratio": 0.31517899566935015,
        "operatingIncome": 786010000,
        "operatingIncomeRatio": 0.2667659955743202,
        "totalOtherIncomeExpensesNet": 22641000,
        "incomeBeforeTax": 808651000,
        "incomeBeforeTaxRatio": 0.2744501839508016,
        "incomeTaxExpense": 104701000,
        "netIncome": 703950000,
        "netIncomeRatio": 0.2389154369340628,
        "eps": 3.51,
        "epsdiluted": 3.5,
        "weightedAverageShsOut": 200395000,
        "weightedAverageShsOutDil": 201161000,
        "link": "",
        "finalLink": ""
    },
    {
        "date": "2008-12-27",
        "symbol": "GRMN",
        "reportedCurrency": "USD",
        "cik": "0001121788",
        "fillingDate": "2008-12-27",
        "acceptedDate": "2008-12-26 19:00:00",
        "calendarYear": "2008",
        "period": "FY",
        "revenue": 3494077000,
        "costOfRevenue": 1940562000,
        "grossProfit": 1553515000,
        "grossProfitRatio": 0.4446138422249996,
        "researchAndDevelopmentExpenses": 206109000,
        "generalAndAdministrativeExpenses": 0,
        "sellingAndMarketingExpenses": 0,
        "sellingGeneralAndAdministrativeExpenses": 485389000,
        "otherExpenses": 0,
        "operatingExpenses": 691498000,
        "costAndExpenses": 2632060000,
        "interestIncome": 35535000,
        "interestExpense": 607000,
        "depreciationAndAmortization": 78417000,
        "ebitda": 993390000,
        "ebitdaratio": 0.28430684269407913,
        "operatingIncome": 862017000,
        "operatingIncomeRatio": 0.24670807197437264,
        "totalOtherIncomeExpensesNet": 52349000,
        "incomeBeforeTax": 914366000,
        "incomeBeforeTaxRatio": 0.26169028329942357,
        "incomeTaxExpense": 181518000,
        "netIncome": 732848000,
        "netIncomeRatio": 0.20974008300332248,
        "eps": 3.51,
        "epsdiluted": 3.48,
        "weightedAverageShsOut": 208993000,
        "weightedAverageShsOutDil": 210680000,
        "link": "",
        "finalLink": ""
    },
    {
        "date": "2007-12-29",
        "symbol": "GRMN",
        "reportedCurrency": "USD",
        "cik": "0001121788",
        "fillingDate": "2007-12-29",
        "acceptedDate": "2007-12-28 19:00:00",
        "calendarYear": "2007",
        "period": "FY",
        "revenue": 3180319000,
        "costOfRevenue": 1717064000,
        "grossProfit": 1463255000,
        "grossProfitRatio": 0.46009692738369956,
        "researchAndDevelopmentExpenses": 159406000,
        "generalAndAdministrativeExpenses": 0,
        "sellingAndMarketingExpenses": 0,
        "sellingGeneralAndAdministrativeExpenses": 396498000,
        "otherExpenses": 0,
        "operatingExpenses": 555904000,
        "costAndExpenses": 2272968000,
        "interestIncome": 0,
        "interestExpense": 0,
        "depreciationAndAmortization": 64037000,
        "ebitda": 1042310000,
        "ebitdaratio": 0.3277375634331022,
        "operatingIncome": 907351000,
        "operatingIncomeRatio": 0.2853018832387569,
        "totalOtherIncomeExpensesNet": 70922000,
        "incomeBeforeTax": 978273000,
        "incomeBeforeTaxRatio": 0.30760216192149276,
        "incomeTaxExpense": 123262000,
        "netIncome": 855011000,
        "netIncomeRatio": 0.26884441466406356,
        "eps": 3.95,
        "epsdiluted": 3.89,
        "weightedAverageShsOut": 216458481,
        "weightedAverageShsOutDil": 219797172,
        "link": "",
        "finalLink": ""
    },
    {
        "date": "2006-12-30",
        "symbol": "GRMN",
        "reportedCurrency": "USD",
        "cik": "0001121788",
        "fillingDate": "2006-12-30",
        "acceptedDate": "2006-12-29 19:00:00",
        "calendarYear": "2006",
        "period": "FY",
        "revenue": 1774000000,
        "costOfRevenue": 891614000,
        "grossProfit": 882386000,
        "grossProfitRatio": 0.4973990980834273,
        "researchAndDevelopmentExpenses": 113314000,
        "generalAndAdministrativeExpenses": 0,
        "sellingAndMarketingExpenses": 0,
        "sellingGeneralAndAdministrativeExpenses": 214513000,
        "otherExpenses": 0,
        "operatingExpenses": 327827000,
        "costAndExpenses": 1219441000,
        "interestIncome": 0,
        "interestExpense": 0,
        "depreciationAndAmortization": 44475000,
        "ebitda": 639029000,
        "ebitdaratio": 0.36021927846674184,
        "operatingIncome": 554559000,
        "operatingIncomeRatio": 0.3126037204058625,
        "totalOtherIncomeExpensesNet": 39995000,
        "incomeBeforeTax": 594554000,
        "incomeBeforeTaxRatio": 0.3351488162344983,
        "incomeTaxExpense": 80431000,
        "netIncome": 514123000,
        "netIncomeRatio": 0.2898100338218715,
        "eps": 2.38,
        "epsdiluted": 2.35,
        "weightedAverageShsOut": 216018067,
        "weightedAverageShsOutDil": 218775745,
        "link": "",
        "finalLink": ""
    },
    {
        "date": "2005-12-31",
        "symbol": "GRMN",
        "reportedCurrency": "USD",
        "cik": "0001121788",
        "fillingDate": "2005-12-31",
        "acceptedDate": "2005-12-30 19:00:00",
        "calendarYear": "2005",
        "period": "FY",
        "revenue": 1027773000,
        "costOfRevenue": 492703000,
        "grossProfit": 535070000,
        "grossProfitRatio": 0.52061106878659,
        "researchAndDevelopmentExpenses": 74879000,
        "generalAndAdministrativeExpenses": 0,
        "sellingAndMarketingExpenses": 0,
        "sellingGeneralAndAdministrativeExpenses": 122021000,
        "otherExpenses": 0,
        "operatingExpenses": 196900000,
        "costAndExpenses": 689603000,
        "interestIncome": 0,
        "interestExpense": 0,
        "depreciationAndAmortization": 43596000,
        "ebitda": 416196000,
        "ebitdaratio": 0.4049493419266706,
        "operatingIncome": 338170000,
        "operatingIncomeRatio": 0.3290317998235019,
        "totalOtherIncomeExpensesNet": 34430000,
        "incomeBeforeTax": 372600000,
        "incomeBeforeTaxRatio": 0.3625314150109022,
        "incomeTaxExpense": 61381000,
        "netIncome": 311219000,
        "netIncomeRatio": 0.3028090833287117,
        "eps": 1.44,
        "epsdiluted": 1.425,
        "weightedAverageShsOut": 216124306,
        "weightedAverageShsOutDil": 218399298,
        "link": "",
        "finalLink": ""
    },
    {
        "date": "2004-12-25",
        "symbol": "GRMN",
        "reportedCurrency": "USD",
        "cik": "0001121788",
        "fillingDate": "2004-12-25",
        "acceptedDate": "2004-12-24 19:00:00",
        "calendarYear": "2004",
        "period": "FY",
        "revenue": 762549000,
        "costOfRevenue": 351310000,
        "grossProfit": 411239000,
        "grossProfitRatio": 0.5392951797195984,
        "researchAndDevelopmentExpenses": 78991000,
        "generalAndAdministrativeExpenses": 0,
        "sellingAndMarketingExpenses": 0,
        "sellingGeneralAndAdministrativeExpenses": 61580000,
        "otherExpenses": 0,
        "operatingExpenses": 140571000,
        "costAndExpenses": 491881000,
        "interestIncome": 0,
        "interestExpense": 0,
        "depreciationAndAmortization": 34599000,
        "ebitda": 289810000,
        "ebitdaratio": 0.3800542653652421,
        "operatingIncome": 270668000,
        "operatingIncomeRatio": 0.35495161622400656,
        "totalOtherIncomeExpensesNet": -15457000,
        "incomeBeforeTax": 255211000,
        "incomeBeforeTaxRatio": 0.33468144342199646,
        "incomeTaxExpense": 49511000,
        "netIncome": 205700000,
        "netIncomeRatio": 0.2697531568463141,
        "eps": 0.95,
        "epsdiluted": 0.945,
        "weightedAverageShsOut": 216526316,
        "weightedAverageShsOutDil": 217671958,
        "link": "",
        "finalLink": ""
    },
    {
        "date": "2003-12-27",
        "symbol": "GRMN",
        "reportedCurrency": "USD",
        "cik": "0001121788",
        "fillingDate": "2003-12-27",
        "acceptedDate": "2003-12-26 19:00:00",
        "calendarYear": "2003",
        "period": "FY",
        "revenue": 572989000,
        "costOfRevenue": 242448000,
        "grossProfit": 330541000,
        "grossProfitRatio": 0.5768714582653419,
        "researchAndDevelopmentExpenses": 43706000,
        "generalAndAdministrativeExpenses": 0,
        "sellingAndMarketingExpenses": 0,
        "sellingGeneralAndAdministrativeExpenses": 59835000,
        "otherExpenses": 0,
        "operatingExpenses": 103541000,
        "costAndExpenses": 345989000,
        "interestIncome": 0,
        "interestExpense": 0,
        "depreciationAndAmortization": 20104000,
        "ebitda": 246047000,
        "ebitdaratio": 0.4294096396265897,
        "operatingIncome": 227000000,
        "operatingIncomeRatio": 0.39616816378673936,
        "totalOtherIncomeExpensesNet": -1057000,
        "incomeBeforeTax": 225943000,
        "incomeBeforeTaxRatio": 0.3943234512355386,
        "incomeTaxExpense": 47309000,
        "netIncome": 178634000,
        "netIncomeRatio": 0.3117581663871383,
        "eps": 0.825,
        "epsdiluted": 0.82,
        "weightedAverageShsOut": 216526061,
        "weightedAverageShsOutDil": 217846341,
        "link": "",
        "finalLink": ""
    },
    {
        "date": "2002-12-28",
        "symbol": "GRMN",
        "reportedCurrency": "USD",
        "cik": "0001121788",
        "fillingDate": "2002-12-28",
        "acceptedDate": "2002-12-27 19:00:00",
        "calendarYear": "2002",
        "period": "FY",
        "revenue": 465144000,
        "costOfRevenue": 210088000,
        "grossProfit": 255056000,
        "grossProfitRatio": 0.5483377190719433,
        "researchAndDevelopmentExpenses": 32163000,
        "generalAndAdministrativeExpenses": 0,
        "sellingAndMarketingExpenses": 0,
        "sellingGeneralAndAdministrativeExpenses": 45453000,
        "otherExpenses": 0,
        "operatingExpenses": 77616000,
        "costAndExpenses": 287704000,
        "interestIncome": 0,
        "interestExpense": 0,
        "depreciationAndAmortization": 16131000,
        "ebitda": 198866000,
        "ebitdaratio": 0.42753641882943777,
        "operatingIncome": 177440000,
        "operatingIncomeRatio": 0.38147326419345406,
        "totalOtherIncomeExpensesNet": 5295000,
        "incomeBeforeTax": 182735000,
        "incomeBeforeTaxRatio": 0.39285683573259034,
        "incomeTaxExpense": 39937000,
        "netIncome": 142798000,
        "netIncomeRatio": 0.3069974029547839,
        "eps": 0.66,
        "epsdiluted": 0.66,
        "weightedAverageShsOut": 216360606,
        "weightedAverageShsOutDil": 216386000,
        "link": "",
        "finalLink": ""
    },
    {
        "date": "2001-12-29",
        "symbol": "GRMN",
        "reportedCurrency": "USD",
        "cik": "0001121788",
        "fillingDate": "2002-04-02",
        "acceptedDate": "2002-04-02 00:00:00",
        "calendarYear": "2001",
        "period": "FY",
        "revenue": 369119000,
        "costOfRevenue": 170960000,
        "grossProfit": 198159000,
        "grossProfitRatio": 0.5368431318897158,
        "researchAndDevelopmentExpenses": 28164000,
        "generalAndAdministrativeExpenses": 0,
        "sellingAndMarketingExpenses": 0,
        "sellingGeneralAndAdministrativeExpenses": 38709000,
        "otherExpenses": 0,
        "operatingExpenses": 66873000,
        "costAndExpenses": 237833000,
        "interestIncome": 0,
        "interestExpense": 0,
        "depreciationAndAmortization": 10868000,
        "ebitda": 162903000,
        "ebitdaratio": 0.44132921903234457,
        "operatingIncome": 131286000,
        "operatingIncomeRatio": 0.35567391545815846,
        "totalOtherIncomeExpensesNet": 20748000,
        "incomeBeforeTax": 152034000,
        "incomeBeforeTaxRatio": 0.41188343054678844,
        "incomeTaxExpense": 38587000,
        "netIncome": 113448000,
        "netIncomeRatio": 0.30734803681197664,
        "eps": 0.525,
        "epsdiluted": 0.525,
        "weightedAverageShsOut": 216091429,
        "weightedAverageShsOutDil": 217242000,
        "link": "https://www.sec.gov/Archives/edgar/data/1121788/000112178802000005/0001121788-02-000005-index.htm",
        "finalLink": "https://www.sec.gov/Archives/edgar/data/1121788/000112178802000005/form10kamend.txt"
    },
    {
        "date": "2000-12-31",
        "symbol": "GRMN",
        "reportedCurrency": "USD",
        "cik": "0001121788",
        "fillingDate": "2001-03-30",
        "acceptedDate": "2001-03-30 00:00:00",
        "calendarYear": "2000",
        "period": "FY",
        "revenue": 345741000,
        "costOfRevenue": 154446000,
        "grossProfit": 191295000,
        "grossProfitRatio": 0.5532898904092948,
        "researchAndDevelopmentExpenses": 21764000,
        "generalAndAdministrativeExpenses": 0,
        "sellingAndMarketingExpenses": 0,
        "sellingGeneralAndAdministrativeExpenses": 32669000,
        "otherExpenses": 7569000,
        "operatingExpenses": 62002000,
        "costAndExpenses": 216448000,
        "interestIncome": 0,
        "interestExpense": 0,
        "depreciationAndAmortization": 7569000,
        "ebitda": 148491000,
        "ebitdaratio": 0.4294862339149826,
        "operatingIncome": 129293000,
        "operatingIncomeRatio": 0.37395911968785883,
        "totalOtherIncomeExpensesNet": 11629000,
        "incomeBeforeTax": 140922000,
        "incomeBeforeTaxRatio": 0.4075941239251347,
        "incomeTaxExpense": 35259000,
        "netIncome": 105663000,
        "netIncomeRatio": 0.30561316129704025,
        "eps": 0.525,
        "epsdiluted": 0.525,
        "weightedAverageShsOut": 201262857,
        "weightedAverageShsOutDil": 201262857,
        "link": "https://www.sec.gov/Archives/edgar/data/1121788/000101381601000024/0001013816-01-000024-index.htm",
        "finalLink": "https://www.sec.gov/Archives/edgar/data/1121788/000101381601000024/0001013816-01-000024-0001.txt"
    },
    {
        "date": "1999-12-31",
        "symbol": "GRMN",
        "reportedCurrency": "USD",
        "cik": "0001121788",
        "fillingDate": "1999-12-31",
        "acceptedDate": "1999-12-30 19:00:00",
        "calendarYear": "1999",
        "period": "FY",
        "revenue": 232586000,
        "costOfRevenue": 100082000,
        "grossProfit": 132504000,
        "grossProfitRatio": 0.5696989500657821,
        "researchAndDevelopmentExpenses": 17339000,
        "generalAndAdministrativeExpenses": 0,
        "sellingAndMarketingExpenses": 0,
        "sellingGeneralAndAdministrativeExpenses": 27063000,
        "otherExpenses": 5572000,
        "operatingExpenses": 49974000,
        "costAndExpenses": 150056000,
        "interestIncome": 0,
        "interestExpense": 0,
        "depreciationAndAmortization": 5572000,
        "ebitda": 89704000,
        "ebitdaratio": 0.38568099541674905,
        "operatingIncome": 82530000,
        "operatingIncomeRatio": 0.35483649058842753,
        "totalOtherIncomeExpensesNet": 1602000,
        "incomeBeforeTax": 84132000,
        "incomeBeforeTaxRatio": 0.3617242654330011,
        "incomeTaxExpense": 19965000,
        "netIncome": 64167000,
        "netIncomeRatio": 0.27588504897113325,
        "eps": 0.16,
        "epsdiluted": 0.16,
        "weightedAverageShsOut": 400000000,
        "weightedAverageShsOutDil": 400000000,
        "link": "",
        "finalLink": ""
    }
]