[
    {
        "date": "2021-12-31",
        "symbol": "GS",
        "reportedCurrency": "USD",
        "cik": "0000886982",
        "fillingDate": "2022-02-25",
        "acceptedDate": "2022-02-24 21:09:11",
        "calendarYear": "2021",
        "period": "FY",
        "revenue": 59339000000,
        "costOfRevenue": 0,
        "grossProfit": 0,
        "grossProfitRatio": 0,
        "researchAndDevelopmentExpenses": 0,
        "generalAndAdministrativeExpenses": 17719000000,
        "sellingAndMarketingExpenses": 553000000,
        "sellingGeneralAndAdministrativeExpenses": 18272000000,
        "otherExpenses": 0,
        "operatingExpenses": 0,
        "costAndExpenses": 0,
        "interestIncome": 12120000000,
        "interestExpense": 5650000000,
        "depreciationAndAmortization": 2015000000,
        "ebitda": 34709000000,
        "ebitdaratio": 0.5849272822258549,
        "operatingIncome": 0,
        "operatingIncomeRatio": 0,
        "totalOtherIncomeExpensesNet": 0,
        "incomeBeforeTax": 27044000000,
        "incomeBeforeTaxRatio": 0.4557542257200155,
        "incomeTaxExpense": 5409000000,
        "netIncome": 21635000000,
        "netIncomeRatio": 0.36460001011139387,
        "eps": 60.25,
        "epsdiluted": 59.45,
        "weightedAverageShsOut": 346600000,
        "weightedAverageShsOutDil": 352300000,
        "link": "https://www.sec.gov/Archives/edgar/data/886982/000119312522052682/0001193125-22-052682-index.htm",
        "finalLink": "https://www.sec.gov/Archives/edgar/data/886982/000119312522052682/d192225d10k.htm"
    },
    {
        "date": "2020-12-31",
        "symbol": "GS",
        "reportedCurrency": "USD",
        "cik": "0000886982",
        "fillingDate": "2021-02-22",
        "acceptedDate": "2021-02-19 21:16:45",
        "calendarYear": "2020",
        "period": "FY",
        "revenue": 44559000000,
        "costOfRevenue": 0,
        "grossProfit": 0,
        "grossProfitRatio": 0,
        "researchAndDevelopmentExpenses": 0,
        "generalAndAdministrativeExpenses": 13309000000,
        "sellingAndMarketingExpenses": 401000000,
        "sellingGeneralAndAdministrativeExpenses": 13710000000,
        "otherExpenses": 0,
        "operatingExpenses": 0,
        "costAndExpenses": 0,
        "interestIncome": 13689000000,
        "interestExpense": 8938000000,
        "depreciationAndAmortization": 1902000000,
        "ebitda": 23319000000,
        "ebitdaratio": 0.5233286204807109,
        "operatingIncome": 0,
        "operatingIncomeRatio": 0,
        "totalOtherIncomeExpensesNet": 0,
        "incomeBeforeTax": 12479000000,
        "incomeBeforeTaxRatio": 0.2800556565452546,
        "incomeTaxExpense": 3020000000,
        "netIncome": 9459000000,
        "netIncomeRatio": 0.21228034740456472,
        "eps": 24.94,
        "epsdiluted": 24.74,
        "weightedAverageShsOut": 356400000,
        "weightedAverageShsOutDil": 360300000,
        "link": "https://www.sec.gov/Archives/edgar/data/886982/000119312521049380/0001193125-21-049380-index.htm",
        "finalLink": "https://www.sec.gov/Archives/edgar/data/886982/000119312521049380/d39654d10k.htm"
    },
    {
        "date": "2019-12-31",
        "symbol": "GS",
        "reportedCurrency": "USD",
        "cik": "0000886982",
        "fillingDate": "2020-02-21",
        "acceptedDate": "2020-02-20 21:09:56",
        "calendarYear": "2019",
        "period": "FY",
        "revenue": 33274000000,
        "costOfRevenue": 0,
        "grossProfit": 0,
        "grossProfitRatio": 0,
        "researchAndDevelopmentExpenses": 0,
        "generalAndAdministrativeExpenses": 12353000000,
        "sellingAndMarketingExpenses": 739000000,
        "sellingGeneralAndAdministrativeExpenses": 13092000000,
        "otherExpenses": 0,
        "operatingExpenses": 0,
        "costAndExpenses": 0,
        "interestIncome": 21738000000,
        "interestExpense": 17376000000,
        "depreciationAndAmortization": 1704000000,
        "ebitda": 29663000000,
        "ebitdaratio": 0.8914768287551842,
        "operatingIncome": 0,
        "operatingIncomeRatio": 0,
        "totalOtherIncomeExpensesNet": 0,
        "incomeBeforeTax": 10583000000,
        "incomeBeforeTaxRatio": 0.3180561399290738,
        "incomeTaxExpense": 2117000000,
        "netIncome": 8466000000,
        "netIncomeRatio": 0.2544328905451704,
        "eps": 21.18,
        "epsdiluted": 21.03,
        "weightedAverageShsOut": 371600000,
        "weightedAverageShsOutDil": 375500000,
        "link": "https://www.sec.gov/Archives/edgar/data/886982/000119312520043853/0001193125-20-043853-index.html",
        "finalLink": "https://www.sec.gov/Archives/edgar/data/886982/000119312520043853/d826673d10k.htm"
    },
    {
        "date": "2018-12-31",
        "symbol": "GS",
        "reportedCurrency": "USD",
        "cik": "0000886982",
        "fillingDate": "2019-02-26",
        "acceptedDate": "2019-02-25 19:51:24",
        "calendarYear": "2018",
        "period": "FY",
        "revenue": 33256000000,
        "costOfRevenue": 0,
        "grossProfit": 0,
        "grossProfitRatio": 0,
        "researchAndDevelopmentExpenses": 0,
        "generalAndAdministrativeExpenses": 12328000000,
        "sellingAndMarketingExpenses": 740000000,
        "sellingGeneralAndAdministrativeExpenses": 13068000000,
        "otherExpenses": 0,
        "operatingExpenses": 0,
        "costAndExpenses": 0,
        "interestIncome": 19679000000,
        "interestExpense": 15912000000,
        "depreciationAndAmortization": 1328000000,
        "ebitda": 29721000000,
        "ebitdaratio": 0.8937033918691364,
        "operatingIncome": 0,
        "operatingIncomeRatio": 0,
        "totalOtherIncomeExpensesNet": 0,
        "incomeBeforeTax": 12481000000,
        "incomeBeforeTaxRatio": 0.37530069761847484,
        "incomeTaxExpense": 2022000000,
        "netIncome": 10459000000,
        "netIncomeRatio": 0.31449963916285784,
        "eps": 25.53,
        "epsdiluted": 25.27,
        "weightedAverageShsOut": 385400000,
        "weightedAverageShsOutDil": 390200000,
        "link": "https://www.sec.gov/Archives/edgar/data/886982/000119312519050198/0001193125-19-050198-index.html",
        "finalLink": "https://www.sec.gov/Archives/edgar/data/886982/000119312519050198/d669877d10k.htm"
    },
    {
        "date": "2017-12-31",
        "symbol": "GS",
        "reportedCurrency": "USD",
        "cik": "0000886982",
        "fillingDate": "2018-02-26",
        "acceptedDate": "2018-02-23 20:16:10",
        "calendarYear": "2017",
        "period": "FY",
        "revenue": 29419000000,
        "costOfRevenue": 0,
        "grossProfit": 0,
        "grossProfitRatio": 0,
        "researchAndDevelopmentExpenses": 0,
        "generalAndAdministrativeExpenses": 11853000000,
        "sellingAndMarketingExpenses": 588000000,
        "sellingGeneralAndAdministrativeExpenses": 12441000000,
        "otherExpenses": 0,
        "operatingExpenses": 0,
        "costAndExpenses": 0,
        "interestIncome": 13113000000,
        "interestExpense": 10181000000,
        "depreciationAndAmortization": 1152000000,
        "ebitda": 22465000000,
        "ebitdaratio": 0.7636221489513579,
        "operatingIncome": 0,
        "operatingIncomeRatio": 0,
        "totalOtherIncomeExpensesNet": 0,
        "incomeBeforeTax": 11132000000,
        "incomeBeforeTaxRatio": 0.3783949148509467,
        "incomeTaxExpense": 6846000000,
        "netIncome": 4286000000,
        "netIncomeRatio": 0.14568816071246474,
        "eps": 9.12,
        "epsdiluted": 9.01,
        "weightedAverageShsOut": 401600000,
        "weightedAverageShsOutDil": 409100000,
        "link": "https://www.sec.gov/Archives/edgar/data/886982/000119312518056383/0001193125-18-056383-index.html",
        "finalLink": "https://www.sec.gov/Archives/edgar/data/886982/000119312518056383/d480167d10k.htm"
    },
    {
        "date": "2016-12-31",
        "symbol": "GS",
        "reportedCurrency": "USD",
        "cik": "0000886982",
        "fillingDate": "2017-02-27",
        "acceptedDate": "2017-02-24 19:08:26",
        "calendarYear": "2016",
        "period": "FY",
        "revenue": 28053000000,
        "costOfRevenue": 0,
        "grossProfit": 0,
        "grossProfitRatio": 0,
        "researchAndDevelopmentExpenses": 0,
        "generalAndAdministrativeExpenses": 11647000000,
        "sellingAndMarketingExpenses": 457000000,
        "sellingGeneralAndAdministrativeExpenses": 12104000000,
        "otherExpenses": 0,
        "operatingExpenses": 0,
        "costAndExpenses": 0,
        "interestIncome": 9691000000,
        "interestExpense": 7104000000,
        "depreciationAndAmortization": 998000000,
        "ebitda": 18406000000,
        "ebitdaratio": 0.6561152104944212,
        "operatingIncome": 0,
        "operatingIncomeRatio": 0,
        "totalOtherIncomeExpensesNet": 0,
        "incomeBeforeTax": 10304000000,
        "incomeBeforeTaxRatio": 0.36730474459059637,
        "incomeTaxExpense": 2906000000,
        "netIncome": 7398000000,
        "netIncomeRatio": 0.26371511068334935,
        "eps": 16.53,
        "epsdiluted": 16.29,
        "weightedAverageShsOut": 427400000,
        "weightedAverageShsOutDil": 435100000,
        "link": "https://www.sec.gov/Archives/edgar/data/886982/000119312517056804/0001193125-17-056804-index.html",
        "finalLink": "https://www.sec.gov/Archives/edgar/data/886982/000119312517056804/d308759d10k.htm"
    },
    {
        "date": "2015-12-31",
        "symbol": "GS",
        "reportedCurrency": "USD",
        "cik": "0000886982",
        "fillingDate": "2016-02-22",
        "acceptedDate": "2016-02-19 19:11:09",
        "calendarYear": "2015",
        "period": "FY",
        "revenue": 31210000000,
        "costOfRevenue": 0,
        "grossProfit": 0,
        "grossProfitRatio": 0,
        "researchAndDevelopmentExpenses": 0,
        "generalAndAdministrativeExpenses": 12678000000,
        "sellingAndMarketingExpenses": 557000000,
        "sellingGeneralAndAdministrativeExpenses": 13235000000,
        "otherExpenses": 0,
        "operatingExpenses": 0,
        "costAndExpenses": 0,
        "interestIncome": 8452000000,
        "interestExpense": 5388000000,
        "depreciationAndAmortization": 991000000,
        "ebitda": 15157000000,
        "ebitdaratio": 0.4856456264017943,
        "operatingIncome": 0,
        "operatingIncomeRatio": 0,
        "totalOtherIncomeExpensesNet": 0,
        "incomeBeforeTax": 8778000000,
        "incomeBeforeTaxRatio": 0.281256007689843,
        "incomeTaxExpense": 2695000000,
        "netIncome": 6083000000,
        "netIncomeRatio": 0.19490547901313682,
        "eps": 12.35,
        "epsdiluted": 12.14,
        "weightedAverageShsOut": 448900000,
        "weightedAverageShsOutDil": 458600000,
        "link": "https://www.sec.gov/Archives/edgar/data/886982/000119312516470289/0001193125-16-470289-index.html",
        "finalLink": "https://www.sec.gov/Archives/edgar/data/886982/000119312516470289/d107036d10k.htm"
    },
    {
        "date": "2014-12-31",
        "symbol": "GS",
        "reportedCurrency": "USD",
        "cik": "0000886982",
        "fillingDate": "2015-02-23",
        "acceptedDate": "2015-02-20 21:44:35",
        "calendarYear": "2014",
        "period": "FY",
        "revenue": 32027000000,
        "costOfRevenue": 0,
        "grossProfit": 0,
        "grossProfitRatio": 0,
        "researchAndDevelopmentExpenses": 0,
        "generalAndAdministrativeExpenses": 12691000000,
        "sellingAndMarketingExpenses": 549000000,
        "sellingGeneralAndAdministrativeExpenses": 13240000000,
        "otherExpenses": 0,
        "operatingExpenses": 0,
        "costAndExpenses": 0,
        "interestIncome": 9604000000,
        "interestExpense": 5557000000,
        "depreciationAndAmortization": 1337000000,
        "ebitda": 19251000000,
        "ebitdaratio": 0.6010865831954288,
        "operatingIncome": 0,
        "operatingIncomeRatio": 0,
        "totalOtherIncomeExpensesNet": 0,
        "incomeBeforeTax": 12357000000,
        "incomeBeforeTaxRatio": 0.38583070534236735,
        "incomeTaxExpense": 3880000000,
        "netIncome": 8477000000,
        "netIncomeRatio": 0.264682923783058,
        "eps": 17.55,
        "epsdiluted": 17.07,
        "weightedAverageShsOut": 458900000,
        "weightedAverageShsOutDil": 473200000,
        "link": "https://www.sec.gov/Archives/edgar/data/886982/000119312515056785/d840464d10k.htm",
        "finalLink": "https://www.sec.gov/Archives/edgar/data/886982/000119312515056785/d840464d10k.htm"
    },
    {
        "date": "2013-12-31",
        "symbol": "GS",
        "reportedCurrency": "USD",
        "cik": "0000886982",
        "fillingDate": "2014-02-28",
        "acceptedDate": "2014-02-27 19:38:13",
        "calendarYear": "2013",
        "period": "FY",
        "revenue": 31865000000,
        "costOfRevenue": 0,
        "grossProfit": 0,
        "grossProfitRatio": 0,
        "researchAndDevelopmentExpenses": 0,
        "generalAndAdministrativeExpenses": 12789000000,
        "sellingAndMarketingExpenses": 541000000,
        "sellingGeneralAndAdministrativeExpenses": 13330000000,
        "otherExpenses": 0,
        "operatingExpenses": 0,
        "costAndExpenses": 0,
        "interestIncome": 10060000000,
        "interestExpense": 6668000000,
        "depreciationAndAmortization": 1322000000,
        "ebitda": 19727000000,
        "ebitdaratio": 0.6190804958418328,
        "operatingIncome": 0,
        "operatingIncomeRatio": 0,
        "totalOtherIncomeExpensesNet": 0,
        "incomeBeforeTax": 11737000000,
        "incomeBeforeTaxRatio": 0.36833516397301114,
        "incomeTaxExpense": 3697000000,
        "netIncome": 8040000000,
        "netIncomeRatio": 0.25231445159265653,
        "eps": 16.34,
        "epsdiluted": 15.46,
        "weightedAverageShsOut": 471300000,
        "weightedAverageShsOutDil": 499600000,
        "link": "https://www.sec.gov/Archives/edgar/data/886982/000119312514073792/d655877d10k.htm",
        "finalLink": "https://www.sec.gov/Archives/edgar/data/886982/000119312514073792/d655877d10k.htm"
    },
    {
        "date": "2012-12-31",
        "symbol": "GS",
        "reportedCurrency": "USD",
        "cik": "0000886982",
        "fillingDate": "2013-03-01",
        "acceptedDate": "2013-02-28 21:27:42",
        "calendarYear": "2012",
        "period": "FY",
        "revenue": 31455000000,
        "costOfRevenue": 0,
        "grossProfit": 0,
        "grossProfitRatio": 0,
        "researchAndDevelopmentExpenses": 0,
        "generalAndAdministrativeExpenses": 13542000000,
        "sellingAndMarketingExpenses": 509000000,
        "sellingGeneralAndAdministrativeExpenses": 14051000000,
        "otherExpenses": 0,
        "operatingExpenses": 0,
        "costAndExpenses": 0,
        "interestIncome": 11381000000,
        "interestExpense": 7501000000,
        "depreciationAndAmortization": 1738000000,
        "ebitda": 20446000000,
        "ebitdaratio": 0.6500079478620251,
        "operatingIncome": 0,
        "operatingIncomeRatio": 0,
        "totalOtherIncomeExpensesNet": 0,
        "incomeBeforeTax": 11207000000,
        "incomeBeforeTaxRatio": 0.35628675886186617,
        "incomeTaxExpense": 3732000000,
        "netIncome": 7475000000,
        "netIncomeRatio": 0.2376410745509458,
        "eps": 14.63,
        "epsdiluted": 14.13,
        "weightedAverageShsOut": 496200000,
        "weightedAverageShsOutDil": 516100000,
        "link": "https://www.sec.gov/Archives/edgar/data/886982/000119312513085474/0001193125-13-085474-index.html",
        "finalLink": "https://www.sec.gov/Archives/edgar/data/886982/000119312513085474/d446679d10k.htm"
    },
    {
        "date": "2011-12-31",
        "symbol": "GS",
        "reportedCurrency": "USD",
        "cik": "0000886982",
        "fillingDate": "2012-02-28",
        "acceptedDate": "2012-02-28 17:22:17",
        "calendarYear": "2011",
        "period": "FY",
        "revenue": 26348000000,
        "costOfRevenue": 0,
        "grossProfit": 0,
        "grossProfitRatio": 0,
        "researchAndDevelopmentExpenses": 0,
        "generalAndAdministrativeExpenses": 12752000000,
        "sellingAndMarketingExpenses": 640000000,
        "sellingGeneralAndAdministrativeExpenses": 13392000000,
        "otherExpenses": 0,
        "operatingExpenses": 0,
        "costAndExpenses": 0,
        "interestIncome": 13174000000,
        "interestExpense": 7982000000,
        "depreciationAndAmortization": 1869000000,
        "ebitda": 16020000000,
        "ebitdaratio": 0.6080157886746622,
        "operatingIncome": 0,
        "operatingIncomeRatio": 0,
        "totalOtherIncomeExpensesNet": 0,
        "incomeBeforeTax": 6169000000,
        "incomeBeforeTaxRatio": 0.23413541824806436,
        "incomeTaxExpense": 1727000000,
        "netIncome": 4442000000,
        "netIncomeRatio": 0.16858964627296188,
        "eps": 4.71,
        "epsdiluted": 4.51,
        "weightedAverageShsOut": 524600000,
        "weightedAverageShsOutDil": 556900000,
        "link": "https://www.sec.gov/Archives/edgar/data/886982/000119312512085822/0001193125-12-085822-index.html",
        "finalLink": "https://www.sec.gov/Archives/edgar/data/886982/000119312512085822/d276319d10k.htm"
    },
    {
        "date": "2010-12-31",
        "symbol": "GS",
        "reportedCurrency": "USD",
        "cik": "0000886982",
        "fillingDate": "2011-03-01",
        "acceptedDate": "2011-02-28 21:34:23",
        "calendarYear": "2010",
        "period": "FY",
        "revenue": 36880000000,
        "costOfRevenue": 0,
        "grossProfit": 0,
        "grossProfitRatio": 0,
        "researchAndDevelopmentExpenses": 0,
        "generalAndAdministrativeExpenses": 15376000000,
        "sellingAndMarketingExpenses": 530000000,
        "sellingGeneralAndAdministrativeExpenses": 15906000000,
        "otherExpenses": 0,
        "operatingExpenses": 0,
        "costAndExpenses": 0,
        "interestIncome": 12309000000,
        "interestExpense": 6806000000,
        "depreciationAndAmortization": 1904000000,
        "ebitda": 21602000000,
        "ebitdaratio": 0.5857375271149675,
        "operatingIncome": 0,
        "operatingIncomeRatio": 0,
        "totalOtherIncomeExpensesNet": 0,
        "incomeBeforeTax": 12892000000,
        "incomeBeforeTaxRatio": 0.34956616052060735,
        "incomeTaxExpense": 4538000000,
        "netIncome": 8354000000,
        "netIncomeRatio": 0.22651843817787418,
        "eps": 14.15,
        "epsdiluted": 13.18,
        "weightedAverageShsOut": 542000000,
        "weightedAverageShsOutDil": 585300000,
        "link": "https://www.sec.gov/Archives/edgar/data/886982/000095012311020067/y88213e10vk.htm",
        "finalLink": "https://www.sec.gov/Archives/edgar/data/886982/000095012311020067/y88213e10vk.htm"
    },
    {
        "date": "2009-12-31",
        "symbol": "GS",
        "reportedCurrency": "USD",
        "cik": "0000886982",
        "fillingDate": "2009-12-31",
        "acceptedDate": "2009-12-30 19:00:00",
        "calendarYear": "2009",
        "period": "FY",
        "revenue": 42875000000,
        "costOfRevenue": 0,
        "grossProfit": 0,
        "grossProfitRatio": 0,
        "researchAndDevelopmentExpenses": 0,
        "generalAndAdministrativeExpenses": 16193000000,
        "sellingAndMarketingExpenses": 342000000,
        "sellingGeneralAndAdministrativeExpenses": 16535000000,
        "otherExpenses": 0,
        "operatingExpenses": 0,
        "costAndExpenses": 0,
        "interestIncome": 13907000000,
        "interestExpense": 6500000000,
        "depreciationAndAmortization": 1943000000,
        "ebitda": 28272000000,
        "ebitdaratio": 0.659405247813411,
        "operatingIncome": 0,
        "operatingIncomeRatio": 0,
        "totalOtherIncomeExpensesNet": 0,
        "incomeBeforeTax": 19829000000,
        "incomeBeforeTaxRatio": 0.4624839650145773,
        "incomeTaxExpense": 6444000000,
        "netIncome": 13385000000,
        "netIncomeRatio": 0.3121865889212828,
        "eps": 23.74,
        "epsdiluted": 22.13,
        "weightedAverageShsOut": 512300000,
        "weightedAverageShsOutDil": 550900000,
        "link": "",
        "finalLink": ""
    },
    {
        "date": "2008-11-28",
        "symbol": "GS",
        "reportedCurrency": "USD",
        "cik": "0000886982",
        "fillingDate": "2009-01-27",
        "acceptedDate": "2009-01-27 06:03:28",
        "calendarYear": "2008",
        "period": "FY",
        "revenue": 19224000000,
        "costOfRevenue": 0,
        "grossProfit": 0,
        "grossProfitRatio": 0,
        "researchAndDevelopmentExpenses": 0,
        "generalAndAdministrativeExpenses": 10659000000,
        "sellingAndMarketingExpenses": 485000000,
        "sellingGeneralAndAdministrativeExpenses": 11144000000,
        "otherExpenses": 0,
        "operatingExpenses": 0,
        "costAndExpenses": 0,
        "interestIncome": 35633000000,
        "interestExpense": 31357000000,
        "depreciationAndAmortization": 1625000000,
        "ebitda": 35318000000,
        "ebitdaratio": 1.8371826883062838,
        "operatingIncome": 0,
        "operatingIncomeRatio": 0,
        "totalOtherIncomeExpensesNet": 0,
        "incomeBeforeTax": 2336000000,
        "incomeBeforeTaxRatio": 0.12151477320016646,
        "incomeTaxExpense": 14000000,
        "netIncome": 2322000000,
        "netIncomeRatio": 0.12078651685393259,
        "eps": 4.67,
        "epsdiluted": 4.47,
        "weightedAverageShsOut": 437000000,
        "weightedAverageShsOutDil": 456200000,
        "link": "https://www.sec.gov/Archives/edgar/data/886982/000095012309001278/0000950123-09-001278-index.html",
        "finalLink": "https://www.sec.gov/Archives/edgar/data/886982/000095012309001278/y74032e10vk.htm"
    },
    {
        "date": "2007-11-30",
        "symbol": "GS",
        "reportedCurrency": "USD",
        "cik": "0000886982",
        "fillingDate": "2008-01-29",
        "acceptedDate": "2008-01-28 21:13:43",
        "calendarYear": "2007",
        "period": "FY",
        "revenue": 43229000000,
        "costOfRevenue": 0,
        "grossProfit": 0,
        "grossProfitRatio": 0,
        "researchAndDevelopmentExpenses": 0,
        "generalAndAdministrativeExpenses": 20190000000,
        "sellingAndMarketingExpenses": 601000000,
        "sellingGeneralAndAdministrativeExpenses": 20791000000,
        "otherExpenses": 0,
        "operatingExpenses": 0,
        "costAndExpenses": 0,
        "interestIncome": 45968000000,
        "interestExpense": 41981000000,
        "depreciationAndAmortization": 1167000000,
        "ebitda": 60752000000,
        "ebitdaratio": 1.4053528881075203,
        "operatingIncome": 0,
        "operatingIncomeRatio": 0,
        "totalOtherIncomeExpensesNet": 0,
        "incomeBeforeTax": 17604000000,
        "incomeBeforeTaxRatio": 0.40722663027134565,
        "incomeTaxExpense": 6005000000,
        "netIncome": 11599000000,
        "netIncomeRatio": 0.2683152513359088,
        "eps": 26.34,
        "epsdiluted": 24.73,
        "weightedAverageShsOut": 433000000,
        "weightedAverageShsOutDil": 461200000,
        "link": "https://www.sec.gov/Archives/edgar/data/886982/000095012308000857/y46519e10vk.htm",
        "finalLink": "https://www.sec.gov/Archives/edgar/data/886982/000095012308000857/y46519e10vk.htm"
    },
    {
        "date": "2006-11-24",
        "symbol": "GS",
        "reportedCurrency": "USD",
        "cik": "0000886982",
        "fillingDate": "2007-02-06",
        "acceptedDate": "2007-02-06 06:06:14",
        "calendarYear": "2006",
        "period": "FY",
        "revenue": 35680000000,
        "costOfRevenue": 0,
        "grossProfit": 0,
        "grossProfitRatio": 0,
        "researchAndDevelopmentExpenses": 0,
        "generalAndAdministrativeExpenses": 16457000000,
        "sellingAndMarketingExpenses": 492000000,
        "sellingGeneralAndAdministrativeExpenses": 16949000000,
        "otherExpenses": 0,
        "operatingExpenses": 0,
        "costAndExpenses": 0,
        "interestIncome": 35186000000,
        "interestExpense": 31688000000,
        "depreciationAndAmortization": 995000000,
        "ebitda": 47243000000,
        "ebitdaratio": 1.3240751121076233,
        "operatingIncome": 0,
        "operatingIncomeRatio": 0,
        "totalOtherIncomeExpensesNet": 0,
        "incomeBeforeTax": 14560000000,
        "incomeBeforeTaxRatio": 0.4080717488789238,
        "incomeTaxExpense": 5023000000,
        "netIncome": 9537000000,
        "netIncomeRatio": 0.26729260089686097,
        "eps": 20.93,
        "epsdiluted": 19.69,
        "weightedAverageShsOut": 449000000,
        "weightedAverageShsOutDil": 477400000,
        "link": "https://www.sec.gov/Archives/edgar/data/886982/000095012307001332/y29219e10vk.htm",
        "finalLink": "https://www.sec.gov/Archives/edgar/data/886982/000095012307001332/y29219e10vk.htm"
    },
    {
        "date": "2005-11-25",
        "symbol": "GS",
        "reportedCurrency": "USD",
        "cik": "0000886982",
        "fillingDate": "2006-02-07",
        "acceptedDate": "2006-02-07 08:19:42",
        "calendarYear": "2005",
        "period": "FY",
        "revenue": 25238000000,
        "costOfRevenue": 0,
        "grossProfit": 0,
        "grossProfitRatio": 0,
        "researchAndDevelopmentExpenses": 0,
        "generalAndAdministrativeExpenses": 11688000000,
        "sellingAndMarketingExpenses": 378000000,
        "sellingGeneralAndAdministrativeExpenses": 12066000000,
        "otherExpenses": 0,
        "operatingExpenses": 0,
        "costAndExpenses": 0,
        "interestIncome": 21250000000,
        "interestExpense": 18153000000,
        "depreciationAndAmortization": 854000000,
        "ebitda": 27280000000,
        "ebitdaratio": 1.080909739282035,
        "operatingIncome": 0,
        "operatingIncomeRatio": 0,
        "totalOtherIncomeExpensesNet": 0,
        "incomeBeforeTax": 8273000000,
        "incomeBeforeTaxRatio": 0.32779935018622713,
        "incomeTaxExpense": 2647000000,
        "netIncome": 5626000000,
        "netIncomeRatio": 0.22291782233140503,
        "eps": 11.73,
        "epsdiluted": 11.21,
        "weightedAverageShsOut": 478100000,
        "weightedAverageShsOutDil": 500200000,
        "link": "https://www.sec.gov/Archives/edgar/data/886982/000095012306001208/y16720e10vk.htm",
        "finalLink": "https://www.sec.gov/Archives/edgar/data/886982/000095012306001208/y16720e10vk.htm"
    },
    {
        "date": "2004-11-26",
        "symbol": "GS",
        "reportedCurrency": "USD",
        "cik": "0000886982",
        "fillingDate": "2005-02-08",
        "acceptedDate": "2005-02-07 21:16:42",
        "calendarYear": "2004",
        "period": "FY",
        "revenue": 20951000000,
        "costOfRevenue": 0,
        "grossProfit": 0,
        "grossProfitRatio": 0,
        "researchAndDevelopmentExpenses": 0,
        "generalAndAdministrativeExpenses": 9652000000,
        "sellingAndMarketingExpenses": 374000000,
        "sellingGeneralAndAdministrativeExpenses": 10026000000,
        "otherExpenses": 0,
        "operatingExpenses": 0,
        "costAndExpenses": 0,
        "interestIncome": 11914000000,
        "interestExpense": 8888000000,
        "depreciationAndAmortization": 624000000,
        "ebitda": 16188000000,
        "ebitdaratio": 0.7726600162283424,
        "operatingIncome": 0,
        "operatingIncomeRatio": 0,
        "totalOtherIncomeExpensesNet": 0,
        "incomeBeforeTax": 6676000000,
        "incomeBeforeTaxRatio": 0.31864827454536776,
        "incomeTaxExpense": 2123000000,
        "netIncome": 4553000000,
        "netIncomeRatio": 0.21731659586654575,
        "eps": 9.3,
        "epsdiluted": 8.92,
        "weightedAverageShsOut": 489500000,
        "weightedAverageShsOutDil": 510500000,
        "link": "https://www.sec.gov/Archives/edgar/data/886982/000095012305001271/e05053e10vk.htm",
        "finalLink": "https://www.sec.gov/Archives/edgar/data/886982/000095012305001271/e05053e10vk.htm"
    },
    {
        "date": "2003-11-28",
        "symbol": "GS",
        "reportedCurrency": "USD",
        "cik": "0000886982",
        "fillingDate": "2004-02-24",
        "acceptedDate": "2004-02-24 09:05:23",
        "calendarYear": "2003",
        "period": "FY",
        "revenue": 16023000000,
        "costOfRevenue": 0,
        "grossProfit": 0,
        "grossProfitRatio": 0,
        "researchAndDevelopmentExpenses": 0,
        "generalAndAdministrativeExpenses": 7393000000,
        "sellingAndMarketingExpenses": 264000000,
        "sellingGeneralAndAdministrativeExpenses": 7657000000,
        "otherExpenses": 0,
        "operatingExpenses": 0,
        "costAndExpenses": 0,
        "interestIncome": 10751000000,
        "interestExpense": 7600000000,
        "depreciationAndAmortization": 881000000,
        "ebitda": 12926000000,
        "ebitdaratio": 0.8067153466891344,
        "operatingIncome": 0,
        "operatingIncomeRatio": 0,
        "totalOtherIncomeExpensesNet": 0,
        "incomeBeforeTax": 4445000000,
        "incomeBeforeTaxRatio": 0.27741371778069024,
        "incomeTaxExpense": 1440000000,
        "netIncome": 3005000000,
        "netIncomeRatio": 0.1875429070710853,
        "eps": 6.15,
        "epsdiluted": 5.87,
        "weightedAverageShsOut": 488400000,
        "weightedAverageShsOutDil": 511900000,
        "link": "https://www.sec.gov/Archives/edgar/data/886982/000095012304002239/y94357e10vk.htm",
        "finalLink": "https://www.sec.gov/Archives/edgar/data/886982/000095012304002239/y94357e10vk.htm"
    },
    {
        "date": "2002-11-29",
        "symbol": "GS",
        "reportedCurrency": "USD",
        "cik": "0000886982",
        "fillingDate": "2003-02-27",
        "acceptedDate": "2003-02-27 09:00:44",
        "calendarYear": "2002",
        "period": "FY",
        "revenue": 13986000000,
        "costOfRevenue": 0,
        "grossProfit": 0,
        "grossProfitRatio": 0,
        "researchAndDevelopmentExpenses": 0,
        "generalAndAdministrativeExpenses": 6744000000,
        "sellingAndMarketingExpenses": 306000000,
        "sellingGeneralAndAdministrativeExpenses": 7050000000,
        "otherExpenses": 0,
        "operatingExpenses": 0,
        "costAndExpenses": 0,
        "interestIncome": 11269000000,
        "interestExpense": 8868000000,
        "depreciationAndAmortization": 744000000,
        "ebitda": 12865000000,
        "ebitdaratio": 0.9198484198484198,
        "operatingIncome": 0,
        "operatingIncomeRatio": 0,
        "totalOtherIncomeExpensesNet": 0,
        "incomeBeforeTax": 3253000000,
        "incomeBeforeTaxRatio": 0.2325897325897326,
        "incomeTaxExpense": 1139000000,
        "netIncome": 2114000000,
        "netIncomeRatio": 0.15115115115115116,
        "eps": 4.27,
        "epsdiluted": 4.03,
        "weightedAverageShsOut": 495600000,
        "weightedAverageShsOutDil": 525100000,
        "link": "https://www.sec.gov/Archives/edgar/data/886982/000095012303002099/y83718e10vk.htm",
        "finalLink": "https://www.sec.gov/Archives/edgar/data/886982/000095012303002099/y83718e10vk.htm"
    },
    {
        "date": "2001-11-30",
        "symbol": "GS",
        "reportedCurrency": "USD",
        "cik": "0000886982",
        "fillingDate": "2002-02-22",
        "acceptedDate": "2002-02-22 00:00:00",
        "calendarYear": "2001",
        "period": "FY",
        "revenue": 15811000000,
        "costOfRevenue": 0,
        "grossProfit": 0,
        "grossProfitRatio": 0,
        "researchAndDevelopmentExpenses": 0,
        "generalAndAdministrativeExpenses": 7700000000,
        "sellingAndMarketingExpenses": 406000000,
        "sellingGeneralAndAdministrativeExpenses": 8106000000,
        "otherExpenses": 0,
        "operatingExpenses": 0,
        "costAndExpenses": 0,
        "interestIncome": 16620000000,
        "interestExpense": 15327000000,
        "depreciationAndAmortization": 873000000,
        "ebitda": 19896000000,
        "ebitdaratio": 1.2583644298273353,
        "operatingIncome": 0,
        "operatingIncomeRatio": 0,
        "totalOtherIncomeExpensesNet": 0,
        "incomeBeforeTax": 3696000000,
        "incomeBeforeTaxRatio": 0.233761305420277,
        "incomeTaxExpense": 1386000000,
        "netIncome": 2310000000,
        "netIncomeRatio": 0.14610081588767315,
        "eps": 4.53,
        "epsdiluted": 4.26,
        "weightedAverageShsOut": 509700000,
        "weightedAverageShsOutDil": 541800000,
        "link": "https://www.sec.gov/Archives/edgar/data/886982/000095012302001815/y57552e10-k405.htm",
        "finalLink": "https://www.sec.gov/Archives/edgar/data/886982/000095012302001815/y57552e10-k405.htm"
    },
    {
        "date": "2000-11-24",
        "symbol": "GS",
        "reportedCurrency": "USD",
        "cik": "0000886982",
        "fillingDate": "2001-02-16",
        "acceptedDate": "2001-02-16 00:00:00",
        "calendarYear": "2000",
        "period": "FY",
        "revenue": 16590000000,
        "costOfRevenue": 0,
        "grossProfit": 0,
        "grossProfitRatio": 0,
        "researchAndDevelopmentExpenses": 0,
        "generalAndAdministrativeExpenses": 7773000000,
        "sellingAndMarketingExpenses": 506000000,
        "sellingGeneralAndAdministrativeExpenses": 8279000000,
        "otherExpenses": 0,
        "operatingExpenses": 0,
        "costAndExpenses": 0,
        "interestIncome": 17396000000,
        "interestExpense": 16410000000,
        "depreciationAndAmortization": 486000000,
        "ebitda": 21916000000,
        "ebitdaratio": 1.321036769138035,
        "operatingIncome": 0,
        "operatingIncomeRatio": 0,
        "totalOtherIncomeExpensesNet": 0,
        "incomeBeforeTax": 5020000000,
        "incomeBeforeTaxRatio": 0.3025919228450874,
        "incomeTaxExpense": 1953000000,
        "netIncome": 3067000000,
        "netIncomeRatio": 0.18487040385774564,
        "eps": 6.33,
        "epsdiluted": 6,
        "weightedAverageShsOut": 484600000,
        "weightedAverageShsOutDil": 511500000,
        "link": "https://www.sec.gov/Archives/edgar/data/886982/000095012301001552/0000950123-01-001552-index.htm",
        "finalLink": "https://www.sec.gov/Archives/edgar/data/886982/000095012301001552/y45442e10-k405.htm"
    },
    {
        "date": "1999-11-26",
        "symbol": "GS",
        "reportedCurrency": "USD",
        "cik": "0000886982",
        "fillingDate": "1999-11-26",
        "acceptedDate": "1999-11-25 19:00:00",
        "calendarYear": "1999",
        "period": "FY",
        "revenue": 13345000000,
        "costOfRevenue": 0,
        "grossProfit": 0,
        "grossProfitRatio": 0,
        "researchAndDevelopmentExpenses": 0,
        "generalAndAdministrativeExpenses": 6459000000,
        "sellingAndMarketingExpenses": 364000000,
        "sellingGeneralAndAdministrativeExpenses": 6823000000,
        "otherExpenses": 0,
        "operatingExpenses": 0,
        "costAndExpenses": 0,
        "interestIncome": 12722000000,
        "interestExpense": 12018000000,
        "depreciationAndAmortization": 337000000,
        "ebitda": 14347000000,
        "ebitdaratio": 1.0750843012364182,
        "operatingIncome": 0,
        "operatingIncomeRatio": 0,
        "totalOtherIncomeExpensesNet": 0,
        "incomeBeforeTax": 1992000000,
        "incomeBeforeTaxRatio": 0.14926938928437616,
        "incomeTaxExpense": -716000000,
        "netIncome": 2708000000,
        "netIncomeRatio": 0.2029224428624953,
        "eps": 5.69,
        "epsdiluted": 5.57,
        "weightedAverageShsOut": 475883756,
        "weightedAverageShsOutDil": 485803960,
        "link": "",
        "finalLink": ""
    }
]