[
    {
        "date": "2022-12-31",
        "symbol": "INTC",
        "reportedCurrency": "USD",
        "cik": "0000050863",
        "fillingDate": "2023-01-27",
        "acceptedDate": "2023-01-26 18:31:20",
        "calendarYear": "2022",
        "period": "FY",
        "revenue": 63054000000,
        "costOfRevenue": 36188000000,
        "grossProfit": 26866000000,
        "grossProfitRatio": 0.426079233672725,
        "researchAndDevelopmentExpenses": 17528000000,
        "generalAndAdministrativeExpenses": 0,
        "sellingAndMarketingExpenses": 0,
        "sellingGeneralAndAdministrativeExpenses": 7002000000,
        "otherExpenses": 2000000,
        "operatingExpenses": 24532000000,
        "costAndExpenses": 60720000000,
        "interestIncome": 0,
        "interestExpense": 0,
        "depreciationAndAmortization": 13035000000,
        "ebitda": 20803000000,
        "ebitdaratio": 0.3299235575855616,
        "operatingIncome": 2334000000,
        "operatingIncomeRatio": 0.03701589114092683,
        "totalOtherIncomeExpensesNet": 5434000000,
        "incomeBeforeTax": 7768000000,
        "incomeBeforeTaxRatio": 0.1231959907380975,
        "incomeTaxExpense": -246000000,
        "netIncome": 8014000000,
        "netIncomeRatio": 0.1270974085704317,
        "eps": 1.95,
        "epsdiluted": 1.94,
        "weightedAverageShsOut": 4108000000,
        "weightedAverageShsOutDil": 4123000000,
        "link": "https://www.sec.gov/Archives/edgar/data/50863/000005086323000006/0000050863-23-000006-index.htm",
        "finalLink": "https://www.sec.gov/Archives/edgar/data/50863/000005086323000006/intc-20221231.htm"
    },
    {
        "date": "2021-12-25",
        "symbol": "INTC",
        "reportedCurrency": "USD",
        "cik": "0000050863",
        "fillingDate": "2022-01-27",
        "acceptedDate": "2022-01-26 18:34:53",
        "calendarYear": "2021",
        "period": "FY",
        "revenue": 79024000000,
        "costOfRevenue": 35209000000,
        "grossProfit": 43815000000,
        "grossProfitRatio": 0.5544518121077141,
        "researchAndDevelopmentExpenses": 15190000000,
        "generalAndAdministrativeExpenses": 6543000000,
        "sellingAndMarketingExpenses": 0,
        "sellingGeneralAndAdministrativeExpenses": 6543000000,
        "otherExpenses": 0,
        "operatingExpenses": 21733000000,
        "costAndExpenses": 56942000000,
        "interestIncome": 144000000,
        "interestExpense": 597000000,
        "depreciationAndAmortization": 11792000000,
        "ebitda": 34092000000,
        "ebitdaratio": 0.43141324154687183,
        "operatingIncome": 19456000000,
        "operatingIncomeRatio": 0.2462036849564689,
        "totalOtherIncomeExpensesNet": 2247000000,
        "incomeBeforeTax": 21703000000,
        "incomeBeforeTaxRatio": 0.2746380846325167,
        "incomeTaxExpense": 1835000000,
        "netIncome": 19868000000,
        "netIncomeRatio": 0.2514172909495849,
        "eps": 4.89,
        "epsdiluted": 4.86,
        "weightedAverageShsOut": 4059000000,
        "weightedAverageShsOutDil": 4090000000,
        "link": "https://www.sec.gov/Archives/edgar/data/50863/000005086322000007/0000050863-22-000007-index.htm",
        "finalLink": "https://www.sec.gov/Archives/edgar/data/50863/000005086322000007/intc-20211225.htm"
    },
    {
        "date": "2020-12-26",
        "symbol": "INTC",
        "reportedCurrency": "USD",
        "cik": "0000050863",
        "fillingDate": "2021-01-22",
        "acceptedDate": "2021-01-21 19:06:04",
        "calendarYear": "2020",
        "period": "FY",
        "revenue": 77867000000,
        "costOfRevenue": 34255000000,
        "grossProfit": 43612000000,
        "grossProfitRatio": 0.5600832188218372,
        "researchAndDevelopmentExpenses": 13556000000,
        "generalAndAdministrativeExpenses": 0,
        "sellingAndMarketingExpenses": 0,
        "sellingGeneralAndAdministrativeExpenses": 6180000000,
        "otherExpenses": 0,
        "operatingExpenses": 19736000000,
        "costAndExpenses": 53991000000,
        "interestIncome": 272000000,
        "interestExpense": 629000000,
        "depreciationAndAmortization": 12239000000,
        "ebitda": 37946000000,
        "ebitdaratio": 0.48731811935736574,
        "operatingIncome": 23678000000,
        "operatingIncomeRatio": 0.30408260238611995,
        "totalOtherIncomeExpensesNet": 1400000000,
        "incomeBeforeTax": 25078000000,
        "incomeBeforeTaxRatio": 0.3220619774744115,
        "incomeTaxExpense": 4179000000,
        "netIncome": 20899000000,
        "netIncomeRatio": 0.26839354283586114,
        "eps": 4.98,
        "epsdiluted": 4.94,
        "weightedAverageShsOut": 4199000000,
        "weightedAverageShsOutDil": 4232000000,
        "link": "https://www.sec.gov/Archives/edgar/data/50863/000005086321000010/0000050863-21-000010-index.htm",
        "finalLink": "https://www.sec.gov/Archives/edgar/data/50863/000005086321000010/intc-20201226.htm"
    },
    {
        "date": "2019-12-28",
        "symbol": "INTC",
        "reportedCurrency": "USD",
        "cik": "0000050863",
        "fillingDate": "2020-01-24",
        "acceptedDate": "2020-01-23 18:39:55",
        "calendarYear": "2019",
        "period": "FY",
        "revenue": 71965000000,
        "costOfRevenue": 29825000000,
        "grossProfit": 42140000000,
        "grossProfitRatio": 0.5855624261793928,
        "researchAndDevelopmentExpenses": 13362000000,
        "generalAndAdministrativeExpenses": 6150000000,
        "sellingAndMarketingExpenses": 0,
        "sellingGeneralAndAdministrativeExpenses": 6150000000,
        "otherExpenses": 593000000,
        "operatingExpenses": 20105000000,
        "costAndExpenses": 49930000000,
        "interestIncome": 483000000,
        "interestExpense": 489000000,
        "depreciationAndAmortization": 10826000000,
        "ebitda": 35373000000,
        "ebitdaratio": 0.4915306051552838,
        "operatingIncome": 22035000000,
        "operatingIncomeRatio": 0.3061905092753422,
        "totalOtherIncomeExpensesNet": 2023000000,
        "incomeBeforeTax": 24058000000,
        "incomeBeforeTaxRatio": 0.3343013965121934,
        "incomeTaxExpense": 3010000000,
        "netIncome": 21048000000,
        "netIncomeRatio": 0.2924755089279511,
        "eps": 4.77,
        "epsdiluted": 4.71,
        "weightedAverageShsOut": 4417000000,
        "weightedAverageShsOutDil": 4473000000,
        "link": "https://www.sec.gov/Archives/edgar/data/50863/000005086320000011/0000050863-20-000011-index.htm",
        "finalLink": "https://www.sec.gov/Archives/edgar/data/50863/000005086320000011/a12282019q4-10kdocument.htm"
    },
    {
        "date": "2018-12-29",
        "symbol": "INTC",
        "reportedCurrency": "USD",
        "cik": "0000050863",
        "fillingDate": "2019-02-01",
        "acceptedDate": "2019-02-01 09:00:50",
        "calendarYear": "2018",
        "period": "FY",
        "revenue": 70848000000,
        "costOfRevenue": 27111000000,
        "grossProfit": 43737000000,
        "grossProfitRatio": 0.6173357046070461,
        "researchAndDevelopmentExpenses": 13543000000,
        "generalAndAdministrativeExpenses": 6750000000,
        "sellingAndMarketingExpenses": 0,
        "sellingGeneralAndAdministrativeExpenses": 6750000000,
        "otherExpenses": 128000000,
        "operatingExpenses": 20421000000,
        "costAndExpenses": 47532000000,
        "interestIncome": 438000000,
        "interestExpense": 468000000,
        "depreciationAndAmortization": 9085000000,
        "ebitda": 32870000000,
        "ebitdaratio": 0.4639509936766034,
        "operatingIncome": 23316000000,
        "operatingIncomeRatio": 0.3290989159891599,
        "totalOtherIncomeExpensesNet": 1000000,
        "incomeBeforeTax": 23317000000,
        "incomeBeforeTaxRatio": 0.32911303071364045,
        "incomeTaxExpense": 2264000000,
        "netIncome": 21053000000,
        "netIncomeRatio": 0.2971572944896116,
        "eps": 4.57,
        "epsdiluted": 4.48,
        "weightedAverageShsOut": 4611000000,
        "weightedAverageShsOutDil": 4701000000,
        "link": "https://www.sec.gov/Archives/edgar/data/50863/000005086319000007/0000050863-19-000007-index.htm",
        "finalLink": "https://www.sec.gov/Archives/edgar/data/50863/000005086319000007/a12292018q4-10kdocument.htm"
    },
    {
        "date": "2017-12-30",
        "symbol": "INTC",
        "reportedCurrency": "USD",
        "cik": "0000050863",
        "fillingDate": "2018-02-16",
        "acceptedDate": "2018-02-16 08:31:45",
        "calendarYear": "2017",
        "period": "FY",
        "revenue": 62761000000,
        "costOfRevenue": 23663000000,
        "grossProfit": 39098000000,
        "grossProfitRatio": 0.6229664919297015,
        "researchAndDevelopmentExpenses": 13035000000,
        "generalAndAdministrativeExpenses": 7452000000,
        "sellingAndMarketingExpenses": 0,
        "sellingGeneralAndAdministrativeExpenses": 7474000000,
        "otherExpenses": 539000000,
        "operatingExpenses": 21048000000,
        "costAndExpenses": 44711000000,
        "interestIncome": 441000000,
        "interestExpense": 646000000,
        "depreciationAndAmortization": 8129000000,
        "ebitda": 29127000000,
        "ebitdaratio": 0.46409394369114576,
        "operatingIncome": 17936000000,
        "operatingIncomeRatio": 0.285782571979414,
        "totalOtherIncomeExpensesNet": 2416000000,
        "incomeBeforeTax": 20352000000,
        "incomeBeforeTaxRatio": 0.3242778158410478,
        "incomeTaxExpense": 10751000000,
        "netIncome": 9601000000,
        "netIncomeRatio": 0.15297716734914996,
        "eps": 2.04,
        "epsdiluted": 1.99,
        "weightedAverageShsOut": 4701000000,
        "weightedAverageShsOutDil": 4835000000,
        "link": "https://www.sec.gov/Archives/edgar/data/50863/000005086318000007/0000050863-18-000007-index.htm",
        "finalLink": "https://www.sec.gov/Archives/edgar/data/50863/000005086318000007/a12302017q4-10kdocument.htm"
    },
    {
        "date": "2016-12-31",
        "symbol": "INTC",
        "reportedCurrency": "USD",
        "cik": "0000050863",
        "fillingDate": "2017-02-17",
        "acceptedDate": "2017-02-17 08:37:46",
        "calendarYear": "2016",
        "period": "FY",
        "revenue": 59387000000,
        "costOfRevenue": 23196000000,
        "grossProfit": 36191000000,
        "grossProfitRatio": 0.6094094667183053,
        "researchAndDevelopmentExpenses": 12740000000,
        "generalAndAdministrativeExpenses": 8397000000,
        "sellingAndMarketingExpenses": 0,
        "sellingGeneralAndAdministrativeExpenses": 8397000000,
        "otherExpenses": 294000000,
        "operatingExpenses": 21431000000,
        "costAndExpenses": 44627000000,
        "interestIncome": 222000000,
        "interestExpense": 733000000,
        "depreciationAndAmortization": 7790000000,
        "ebitda": 21459000000,
        "ebitdaratio": 0.3613417077811642,
        "operatingIncome": 12874000000,
        "operatingIncomeRatio": 0.21678145048579656,
        "totalOtherIncomeExpensesNet": 62000000,
        "incomeBeforeTax": 12936000000,
        "incomeBeforeTaxRatio": 0.2178254500143129,
        "incomeTaxExpense": 2620000000,
        "netIncome": 10316000000,
        "netIncomeRatio": 0.17370805058346103,
        "eps": 2.18,
        "epsdiluted": 2.12,
        "weightedAverageShsOut": 4730000000,
        "weightedAverageShsOutDil": 4875000000,
        "link": "https://www.sec.gov/Archives/edgar/data/50863/000005086317000012/0000050863-17-000012-index.htm",
        "finalLink": "https://www.sec.gov/Archives/edgar/data/50863/000005086317000012/a10kdocument12312016q4.htm"
    },
    {
        "date": "2015-12-26",
        "symbol": "INTC",
        "reportedCurrency": "USD",
        "cik": "0000050863",
        "fillingDate": "2016-02-12",
        "acceptedDate": "2016-02-12 08:09:19",
        "calendarYear": "2015",
        "period": "FY",
        "revenue": 55355000000,
        "costOfRevenue": 20676000000,
        "grossProfit": 34679000000,
        "grossProfitRatio": 0.6264836058169994,
        "researchAndDevelopmentExpenses": 12128000000,
        "generalAndAdministrativeExpenses": 7930000000,
        "sellingAndMarketingExpenses": 0,
        "sellingGeneralAndAdministrativeExpenses": 7930000000,
        "otherExpenses": 619000000,
        "operatingExpenses": 20677000000,
        "costAndExpenses": 41353000000,
        "interestIncome": 124000000,
        "interestExpense": 337000000,
        "depreciationAndAmortization": 8711000000,
        "ebitda": 23260000000,
        "ebitdaratio": 0.42019691084816185,
        "operatingIncome": 14002000000,
        "operatingIncomeRatio": 0.252949146418571,
        "totalOtherIncomeExpensesNet": 210000000,
        "incomeBeforeTax": 14212000000,
        "incomeBeforeTaxRatio": 0.2567428416583868,
        "incomeTaxExpense": 2792000000,
        "netIncome": 11420000000,
        "netIncomeRatio": 0.2063047601842652,
        "eps": 2.41,
        "epsdiluted": 2.33,
        "weightedAverageShsOut": 4742000000,
        "weightedAverageShsOutDil": 4894000000,
        "link": "https://www.sec.gov/Archives/edgar/data/50863/000005086316000105/0000050863-16-000105-index.htm",
        "finalLink": "https://www.sec.gov/Archives/edgar/data/50863/000005086316000105/a10kdocument12262015q4.htm"
    },
    {
        "date": "2014-12-27",
        "symbol": "INTC",
        "reportedCurrency": "USD",
        "cik": "0000050863",
        "fillingDate": "2015-02-13",
        "acceptedDate": "2015-02-13 09:11:52",
        "calendarYear": "2014",
        "period": "FY",
        "revenue": 55870000000,
        "costOfRevenue": 20261000000,
        "grossProfit": 35609000000,
        "grossProfitRatio": 0.6373545731161625,
        "researchAndDevelopmentExpenses": 11537000000,
        "generalAndAdministrativeExpenses": 8136000000,
        "sellingAndMarketingExpenses": 0,
        "sellingGeneralAndAdministrativeExpenses": 8136000000,
        "otherExpenses": 589000000,
        "operatingExpenses": 20262000000,
        "costAndExpenses": 40523000000,
        "interestIncome": 141000000,
        "interestExpense": 192000000,
        "depreciationAndAmortization": 8549000000,
        "ebitda": 24542000000,
        "ebitdaratio": 0.4392697333094684,
        "operatingIncome": 15347000000,
        "operatingIncomeRatio": 0.27469124753892965,
        "totalOtherIncomeExpensesNet": 454000000,
        "incomeBeforeTax": 15801000000,
        "incomeBeforeTaxRatio": 0.28281725434043314,
        "incomeTaxExpense": 4097000000,
        "netIncome": 11704000000,
        "netIncomeRatio": 0.20948630749955252,
        "eps": 2.39,
        "epsdiluted": 2.31,
        "weightedAverageShsOut": 4901000000,
        "weightedAverageShsOutDil": 5056000000,
        "link": "https://www.sec.gov/Archives/edgar/data/50863/000005086315000015/0000050863-15-000015-index.htm",
        "finalLink": "https://www.sec.gov/Archives/edgar/data/50863/000005086315000015/a10kdocument12272014.htm"
    },
    {
        "date": "2013-12-28",
        "symbol": "INTC",
        "reportedCurrency": "USD",
        "cik": "0000050863",
        "fillingDate": "2014-02-14",
        "acceptedDate": "2014-02-14 09:08:47",
        "calendarYear": "2013",
        "period": "FY",
        "revenue": 52708000000,
        "costOfRevenue": 21187000000,
        "grossProfit": 31521000000,
        "grossProfitRatio": 0.5980306594824315,
        "researchAndDevelopmentExpenses": 10611000000,
        "generalAndAdministrativeExpenses": 8088000000,
        "sellingAndMarketingExpenses": 0,
        "sellingGeneralAndAdministrativeExpenses": 8088000000,
        "otherExpenses": 531000000,
        "operatingExpenses": 19230000000,
        "costAndExpenses": 40417000000,
        "interestIncome": 104000000,
        "interestExpense": 244000000,
        "depreciationAndAmortization": 8032000000,
        "ebitda": 20887000000,
        "ebitdaratio": 0.39627760491765956,
        "operatingIncome": 12291000000,
        "operatingIncomeRatio": 0.23319040752826894,
        "totalOtherIncomeExpensesNet": 320000000,
        "incomeBeforeTax": 12611000000,
        "incomeBeforeTaxRatio": 0.2392615921681718,
        "incomeTaxExpense": 2991000000,
        "netIncome": 9620000000,
        "netIncomeRatio": 0.18251498823707976,
        "eps": 1.94,
        "epsdiluted": 1.89,
        "weightedAverageShsOut": 4970000000,
        "weightedAverageShsOutDil": 5097000000,
        "link": "https://www.sec.gov/Archives/edgar/data/50863/000005086314000020/0000050863-14-000020-index.htm",
        "finalLink": "https://www.sec.gov/Archives/edgar/data/50863/000005086314000020/a10kdocument12282013.htm"
    },
    {
        "date": "2012-12-29",
        "symbol": "INTC",
        "reportedCurrency": "USD",
        "cik": "0000050863",
        "fillingDate": "2013-02-19",
        "acceptedDate": "2013-02-19 17:06:31",
        "calendarYear": "2012",
        "period": "FY",
        "revenue": 53341000000,
        "costOfRevenue": 20190000000,
        "grossProfit": 33151000000,
        "grossProfitRatio": 0.6214919105378602,
        "researchAndDevelopmentExpenses": 10148000000,
        "generalAndAdministrativeExpenses": 8057000000,
        "sellingAndMarketingExpenses": 0,
        "sellingGeneralAndAdministrativeExpenses": 8057000000,
        "otherExpenses": 308000000,
        "operatingExpenses": 18513000000,
        "costAndExpenses": 38703000000,
        "interestIncome": 97000000,
        "interestExpense": 90000000,
        "depreciationAndAmortization": 7522000000,
        "ebitda": 22485000000,
        "ebitdaratio": 0.42153315460902496,
        "operatingIncome": 14638000000,
        "operatingIncomeRatio": 0.2744230516863201,
        "totalOtherIncomeExpensesNet": 235000000,
        "incomeBeforeTax": 14873000000,
        "incomeBeforeTaxRatio": 0.2788286683789205,
        "incomeTaxExpense": 3868000000,
        "netIncome": 11005000000,
        "netIncomeRatio": 0.2063140923492248,
        "eps": 2.2,
        "epsdiluted": 2.13,
        "weightedAverageShsOut": 4996000000,
        "weightedAverageShsOutDil": 5160000000,
        "link": "https://www.sec.gov/Archives/edgar/data/50863/000119312513065416/0001193125-13-065416-index.htm",
        "finalLink": "https://www.sec.gov/Archives/edgar/data/50863/000119312513065416/d424446d10k.htm"
    },
    {
        "date": "2011-12-31",
        "symbol": "INTC",
        "reportedCurrency": "USD",
        "cik": "0000050863",
        "fillingDate": "2012-02-23",
        "acceptedDate": "2012-02-23 17:05:25",
        "calendarYear": "2011",
        "period": "FY",
        "revenue": 53999000000,
        "costOfRevenue": 20242000000,
        "grossProfit": 33757000000,
        "grossProfitRatio": 0.6251412063186356,
        "researchAndDevelopmentExpenses": 8350000000,
        "generalAndAdministrativeExpenses": 7670000000,
        "sellingAndMarketingExpenses": 0,
        "sellingGeneralAndAdministrativeExpenses": 7670000000,
        "otherExpenses": 260000000,
        "operatingExpenses": 16280000000,
        "costAndExpenses": 36522000000,
        "interestIncome": 98000000,
        "interestExpense": 41000000,
        "depreciationAndAmortization": 6064000000,
        "ebitda": 23886000000,
        "ebitdaratio": 0.44234152484305267,
        "operatingIncome": 17477000000,
        "operatingIncomeRatio": 0.3236541417433656,
        "totalOtherIncomeExpensesNet": 304000000,
        "incomeBeforeTax": 17781000000,
        "incomeBeforeTaxRatio": 0.3292838756273264,
        "incomeTaxExpense": 4839000000,
        "netIncome": 12942000000,
        "netIncomeRatio": 0.23967110502046335,
        "eps": 2.46,
        "epsdiluted": 2.39,
        "weightedAverageShsOut": 5256000000,
        "weightedAverageShsOutDil": 5411000000,
        "link": "https://www.sec.gov/Archives/edgar/data/50863/000119312512075534/0001193125-12-075534-index.htm",
        "finalLink": "https://www.sec.gov/Archives/edgar/data/50863/000119312512075534/d302695d10k.htm"
    },
    {
        "date": "2010-12-25",
        "symbol": "INTC",
        "reportedCurrency": "USD",
        "cik": "0000050863",
        "fillingDate": "2011-02-18",
        "acceptedDate": "2011-02-18 17:20:31",
        "calendarYear": "2010",
        "period": "FY",
        "revenue": 43623000000,
        "costOfRevenue": 15132000000,
        "grossProfit": 28491000000,
        "grossProfitRatio": 0.6531187676225844,
        "researchAndDevelopmentExpenses": 6576000000,
        "generalAndAdministrativeExpenses": 6309000000,
        "sellingAndMarketingExpenses": 0,
        "sellingGeneralAndAdministrativeExpenses": 6309000000,
        "otherExpenses": 143000000,
        "operatingExpenses": 13028000000,
        "costAndExpenses": 28160000000,
        "interestIncome": 119000000,
        "interestExpense": 0,
        "depreciationAndAmortization": 4638000000,
        "ebitda": 20683000000,
        "ebitdaratio": 0.4741306191687871,
        "operatingIncome": 15588000000,
        "operatingIncomeRatio": 0.35733443367031154,
        "totalOtherIncomeExpensesNet": 457000000,
        "incomeBeforeTax": 16045000000,
        "incomeBeforeTaxRatio": 0.3678105586502533,
        "incomeTaxExpense": 4581000000,
        "netIncome": 11464000000,
        "netIncomeRatio": 0.2627971482933315,
        "eps": 2.1,
        "epsdiluted": 2.05,
        "weightedAverageShsOut": 5555000000,
        "weightedAverageShsOutDil": 5696000000,
        "link": "https://www.sec.gov/Archives/edgar/data/50863/000095012311015783/0000950123-11-015783-index.htm",
        "finalLink": "https://www.sec.gov/Archives/edgar/data/50863/000095012311015783/f56033e10vk.htm"
    },
    {
        "date": "2009-12-26",
        "symbol": "INTC",
        "reportedCurrency": "USD",
        "cik": "0000050863",
        "fillingDate": "2010-02-22",
        "acceptedDate": "2010-02-22 17:14:00",
        "calendarYear": "2009",
        "period": "FY",
        "revenue": 35127000000,
        "costOfRevenue": 15566000000,
        "grossProfit": 19561000000,
        "grossProfitRatio": 0.5568650895322687,
        "researchAndDevelopmentExpenses": 5653000000,
        "generalAndAdministrativeExpenses": 7931000000,
        "sellingAndMarketingExpenses": 0,
        "sellingGeneralAndAdministrativeExpenses": 7931000000,
        "otherExpenses": 487000000,
        "operatingExpenses": 14071000000,
        "costAndExpenses": 29637000000,
        "interestIncome": 168000000,
        "interestExpense": 1000000,
        "depreciationAndAmortization": 5052000000,
        "ebitda": 10757000000,
        "ebitdaratio": 0.3062316736413585,
        "operatingIncome": 5711000000,
        "operatingIncomeRatio": 0.16258149002192046,
        "totalOtherIncomeExpensesNet": -7000000,
        "incomeBeforeTax": 5704000000,
        "incomeBeforeTaxRatio": 0.16238221311242065,
        "incomeTaxExpense": 1335000000,
        "netIncome": 4369000000,
        "netIncomeRatio": 0.12437725965781307,
        "eps": 0.79,
        "epsdiluted": 0.77,
        "weightedAverageShsOut": 5557000000,
        "weightedAverageShsOutDil": 5645000000,
        "link": "https://www.sec.gov/Archives/edgar/data/50863/000095012310015237/0000950123-10-015237-index.htm",
        "finalLink": "https://www.sec.gov/Archives/edgar/data/50863/000095012310015237/f54119e10vk.htm"
    },
    {
        "date": "2008-12-27",
        "symbol": "INTC",
        "reportedCurrency": "USD",
        "cik": "0000050863",
        "fillingDate": "2009-02-23",
        "acceptedDate": "2009-02-20 17:44:51",
        "calendarYear": "2008",
        "period": "FY",
        "revenue": 37586000000,
        "costOfRevenue": 16742000000,
        "grossProfit": 20844000000,
        "grossProfitRatio": 0.5545681902836163,
        "researchAndDevelopmentExpenses": 5722000000,
        "generalAndAdministrativeExpenses": 5452000000,
        "sellingAndMarketingExpenses": 0,
        "sellingGeneralAndAdministrativeExpenses": 5458000000,
        "otherExpenses": 2242000000,
        "operatingExpenses": 13422000000,
        "costAndExpenses": 30164000000,
        "interestIncome": 592000000,
        "interestExpense": 8000000,
        "depreciationAndAmortization": 4616000000,
        "ebitda": 12310000000,
        "ebitdaratio": 0.32751556430585854,
        "operatingIncome": 8954000000,
        "operatingIncomeRatio": 0.23822699941467568,
        "totalOtherIncomeExpensesNet": -1268000000,
        "incomeBeforeTax": 7686000000,
        "incomeBeforeTaxRatio": 0.20449103389559942,
        "incomeTaxExpense": 2394000000,
        "netIncome": 5292000000,
        "netIncomeRatio": 0.14079710530516681,
        "eps": 0.93,
        "epsdiluted": 0.92,
        "weightedAverageShsOut": 5663000000,
        "weightedAverageShsOutDil": 5748000000,
        "link": "https://www.sec.gov/Archives/edgar/data/50863/000089161809000047/0000891618-09-000047-index.htm",
        "finalLink": "https://www.sec.gov/Archives/edgar/data/50863/000089161809000047/f50771e10vk.htm"
    },
    {
        "date": "2007-12-29",
        "symbol": "INTC",
        "reportedCurrency": "USD",
        "cik": "0000050863",
        "fillingDate": "2008-02-20",
        "acceptedDate": "2008-02-19 19:50:19",
        "calendarYear": "2007",
        "period": "FY",
        "revenue": 38334000000,
        "costOfRevenue": 18430000000,
        "grossProfit": 19904000000,
        "grossProfitRatio": 0.519225752595607,
        "researchAndDevelopmentExpenses": 5755000000,
        "generalAndAdministrativeExpenses": 5401000000,
        "sellingAndMarketingExpenses": 0,
        "sellingGeneralAndAdministrativeExpenses": 5401000000,
        "otherExpenses": 727000000,
        "operatingExpenses": 11883000000,
        "costAndExpenses": 30313000000,
        "interestIncome": 0,
        "interestExpense": 0,
        "depreciationAndAmortization": 4798000000,
        "ebitda": 13964000000,
        "ebitdaratio": 0.3642719257056399,
        "operatingIncome": 8216000000,
        "operatingIncomeRatio": 0.2143267073616111,
        "totalOtherIncomeExpensesNet": 950000000,
        "incomeBeforeTax": 9166000000,
        "incomeBeforeTaxRatio": 0.23910888506286848,
        "incomeTaxExpense": 2190000000,
        "netIncome": 6976000000,
        "netIncomeRatio": 0.18197944383575937,
        "eps": 1.2,
        "epsdiluted": 1.18,
        "weightedAverageShsOut": 5816000000,
        "weightedAverageShsOutDil": 5936000000,
        "link": "https://www.sec.gov/Archives/edgar/data/50863/000089161808000106/0000891618-08-000106-index.htm",
        "finalLink": "https://www.sec.gov/Archives/edgar/data/50863/000089161808000106/f36442e10vk.htm"
    },
    {
        "date": "2006-12-30",
        "symbol": "INTC",
        "reportedCurrency": "USD",
        "cik": "0000050863",
        "fillingDate": "2007-02-26",
        "acceptedDate": "2007-02-23 17:40:01",
        "calendarYear": "2006",
        "period": "FY",
        "revenue": 35382000000,
        "costOfRevenue": 17164000000,
        "grossProfit": 18218000000,
        "grossProfitRatio": 0.514894579164547,
        "researchAndDevelopmentExpenses": 5873000000,
        "generalAndAdministrativeExpenses": 6138000000,
        "sellingAndMarketingExpenses": 0,
        "sellingGeneralAndAdministrativeExpenses": 6096000000,
        "otherExpenses": 669000000,
        "operatingExpenses": 12638000000,
        "costAndExpenses": 29802000000,
        "interestIncome": 0,
        "interestExpense": 0,
        "depreciationAndAmortization": 4912000000,
        "ebitda": 11980000000,
        "ebitdaratio": 0.33859024362670287,
        "operatingIncome": 5652000000,
        "operatingIncomeRatio": 0.1597422418178735,
        "totalOtherIncomeExpensesNet": 1416000000,
        "incomeBeforeTax": 7068000000,
        "incomeBeforeTaxRatio": 0.19976259114804137,
        "incomeTaxExpense": 2024000000,
        "netIncome": 5044000000,
        "netIncomeRatio": 0.14255836300943983,
        "eps": 0.87,
        "epsdiluted": 0.86,
        "weightedAverageShsOut": 5797000000,
        "weightedAverageShsOutDil": 5880000000,
        "link": "https://www.sec.gov/Archives/edgar/data/50863/000089161807000111/0000891618-07-000111-index.htm",
        "finalLink": "https://www.sec.gov/Archives/edgar/data/50863/000089161807000111/f23627e10vk.htm"
    },
    {
        "date": "2005-12-31",
        "symbol": "INTC",
        "reportedCurrency": "USD",
        "cik": "0000050863",
        "fillingDate": "2006-02-27",
        "acceptedDate": "2006-02-24 17:40:44",
        "calendarYear": "2005",
        "period": "FY",
        "revenue": 38826000000,
        "costOfRevenue": 15777000000,
        "grossProfit": 23049000000,
        "grossProfitRatio": 0.5936485859990728,
        "researchAndDevelopmentExpenses": 5145000000,
        "generalAndAdministrativeExpenses": 5688000000,
        "sellingAndMarketingExpenses": 0,
        "sellingGeneralAndAdministrativeExpenses": 5688000000,
        "otherExpenses": 126000000,
        "operatingExpenses": 10959000000,
        "costAndExpenses": 26736000000,
        "interestIncome": 0,
        "interestExpense": 0,
        "depreciationAndAmortization": 4595000000,
        "ebitda": 17205000000,
        "ebitdaratio": 0.44313089167053005,
        "operatingIncome": 12090000000,
        "operatingIncomeRatio": 0.31138927522794,
        "totalOtherIncomeExpensesNet": 520000000,
        "incomeBeforeTax": 12610000000,
        "incomeBeforeTaxRatio": 0.3247823623345181,
        "incomeTaxExpense": 3946000000,
        "netIncome": 8664000000,
        "netIncomeRatio": 0.22314943594498532,
        "eps": 1.42,
        "epsdiluted": 1.4,
        "weightedAverageShsOut": 6106000000,
        "weightedAverageShsOutDil": 6178000000,
        "link": "https://www.sec.gov/Archives/edgar/data/50863/000089161806000089/0000891618-06-000089-index.htm",
        "finalLink": "https://www.sec.gov/Archives/edgar/data/50863/000089161806000089/f12963e10vk.htm"
    },
    {
        "date": "2004-12-25",
        "symbol": "INTC",
        "reportedCurrency": "USD",
        "cik": "0000050863",
        "fillingDate": "2005-02-22",
        "acceptedDate": "2005-02-18 17:51:02",
        "calendarYear": "2004",
        "period": "FY",
        "revenue": 34209000000,
        "costOfRevenue": 14463000000,
        "grossProfit": 19746000000,
        "grossProfitRatio": 0.5772165219679032,
        "researchAndDevelopmentExpenses": 4778000000,
        "generalAndAdministrativeExpenses": 4659000000,
        "sellingAndMarketingExpenses": 0,
        "sellingGeneralAndAdministrativeExpenses": 4659000000,
        "otherExpenses": 179000000,
        "operatingExpenses": 9616000000,
        "costAndExpenses": 24079000000,
        "interestIncome": 0,
        "interestExpense": 0,
        "depreciationAndAmortization": 4889000000,
        "ebitda": 15306000000,
        "ebitdaratio": 0.44742611593440323,
        "operatingIncome": 10130000000,
        "operatingIncomeRatio": 0.2961209038557105,
        "totalOtherIncomeExpensesNet": 287000000,
        "incomeBeforeTax": 10417000000,
        "incomeBeforeTaxRatio": 0.30451050893039844,
        "incomeTaxExpense": 2901000000,
        "netIncome": 7516000000,
        "netIncomeRatio": 0.21970826390715895,
        "eps": 1.17,
        "epsdiluted": 1.16,
        "weightedAverageShsOut": 6400000000,
        "weightedAverageShsOutDil": 6494000000,
        "link": "https://www.sec.gov/Archives/edgar/data/50863/000119312505033162/0001193125-05-033162-index.htm",
        "finalLink": "https://www.sec.gov/Archives/edgar/data/50863/000119312505033162/d10k.htm"
    },
    {
        "date": "2003-12-27",
        "symbol": "INTC",
        "reportedCurrency": "USD",
        "cik": "0000050863",
        "fillingDate": "2004-02-23",
        "acceptedDate": "2004-02-20 17:50:23",
        "calendarYear": "2003",
        "period": "FY",
        "revenue": 30141000000,
        "costOfRevenue": 13047000000,
        "grossProfit": 17094000000,
        "grossProfitRatio": 0.5671344680003981,
        "researchAndDevelopmentExpenses": 4360000000,
        "generalAndAdministrativeExpenses": 4278000000,
        "sellingAndMarketingExpenses": 0,
        "sellingGeneralAndAdministrativeExpenses": 4278000000,
        "otherExpenses": 923000000,
        "operatingExpenses": 9561000000,
        "costAndExpenses": 22608000000,
        "interestIncome": 0,
        "interestExpense": 0,
        "depreciationAndAmortization": 5070000000,
        "ebitda": 12512000000,
        "ebitdaratio": 0.41511562323745066,
        "operatingIncome": 7533000000,
        "operatingIncomeRatio": 0.2499253508510003,
        "totalOtherIncomeExpensesNet": -91000000,
        "incomeBeforeTax": 7442000000,
        "incomeBeforeTaxRatio": 0.2469062074914568,
        "incomeTaxExpense": 1801000000,
        "netIncome": 5641000000,
        "netIncomeRatio": 0.18715371089214028,
        "eps": 0.86,
        "epsdiluted": 0.85,
        "weightedAverageShsOut": 6527000000,
        "weightedAverageShsOutDil": 6621000000,
        "link": "https://www.sec.gov/Archives/edgar/data/50863/000119312504027430/0001193125-04-027430-index.htm",
        "finalLink": "https://www.sec.gov/Archives/edgar/data/50863/000119312504027430/d10k.htm"
    },
    {
        "date": "2002-12-28",
        "symbol": "INTC",
        "reportedCurrency": "USD",
        "cik": "0000050863",
        "fillingDate": "2003-03-11",
        "acceptedDate": "2003-03-10 19:12:43",
        "calendarYear": "2002",
        "period": "FY",
        "revenue": 26764000000,
        "costOfRevenue": 13446000000,
        "grossProfit": 13318000000,
        "grossProfitRatio": 0.4976087281422807,
        "researchAndDevelopmentExpenses": 4034000000,
        "generalAndAdministrativeExpenses": 4334000000,
        "sellingAndMarketingExpenses": 0,
        "sellingGeneralAndAdministrativeExpenses": 4334000000,
        "otherExpenses": 568000000,
        "operatingExpenses": 8936000000,
        "costAndExpenses": 22382000000,
        "interestIncome": 0,
        "interestExpense": 0,
        "depreciationAndAmortization": 5344000000,
        "ebitda": 9548000000,
        "ebitdaratio": 0.35674787027350174,
        "operatingIncome": 4382000000,
        "operatingIncomeRatio": 0.16372739500822,
        "totalOtherIncomeExpensesNet": -178000000,
        "incomeBeforeTax": 4204000000,
        "incomeBeforeTaxRatio": 0.1570766701539381,
        "incomeTaxExpense": 1087000000,
        "netIncome": 3117000000,
        "netIncomeRatio": 0.11646241219548648,
        "eps": 0.47,
        "epsdiluted": 0.46,
        "weightedAverageShsOut": 6651000000,
        "weightedAverageShsOutDil": 6759000000,
        "link": "https://www.sec.gov/Archives/edgar/data/50863/000104746903008257/0001047469-03-008257-index.htm",
        "finalLink": "https://www.sec.gov/Archives/edgar/data/50863/000104746903008257/a2104280z10-k.htm"
    },
    {
        "date": "2001-12-29",
        "symbol": "INTC",
        "reportedCurrency": "USD",
        "cik": "0000050863",
        "fillingDate": "2002-03-13",
        "acceptedDate": "2002-03-13 00:00:00",
        "calendarYear": "2001",
        "period": "FY",
        "revenue": 26539000000,
        "costOfRevenue": 13487000000,
        "grossProfit": 13052000000,
        "grossProfitRatio": 0.4918045141113079,
        "researchAndDevelopmentExpenses": 3796000000,
        "generalAndAdministrativeExpenses": 4464000000,
        "sellingAndMarketingExpenses": 0,
        "sellingGeneralAndAdministrativeExpenses": 4464000000,
        "otherExpenses": 2536000000,
        "operatingExpenses": 10796000000,
        "costAndExpenses": 24283000000,
        "interestIncome": 0,
        "interestExpense": 0,
        "depreciationAndAmortization": 6469000000,
        "ebitda": 8652000000,
        "ebitdaratio": 0.3260107765929387,
        "operatingIncome": 2256000000,
        "operatingIncomeRatio": 0.08500697087305475,
        "totalOtherIncomeExpensesNet": -73000000,
        "incomeBeforeTax": 2183000000,
        "incomeBeforeTaxRatio": 0.08225630204604545,
        "incomeTaxExpense": 892000000,
        "netIncome": 1291000000,
        "netIncomeRatio": 0.04864538980368514,
        "eps": 0.19,
        "epsdiluted": 0.19,
        "weightedAverageShsOut": 6716000000,
        "weightedAverageShsOutDil": 6879000000,
        "link": "https://www.sec.gov/Archives/edgar/data/50863/000091205702009698/0000912057-02-009698-index.htm",
        "finalLink": "https://www.sec.gov/Archives/edgar/data/50863/000091205702009698/a2072777z10-k.htm"
    },
    {
        "date": "2000-12-30",
        "symbol": "INTC",
        "reportedCurrency": "USD",
        "cik": "0000050863",
        "fillingDate": "2001-03-13",
        "acceptedDate": "2001-03-13 00:00:00",
        "calendarYear": "2000",
        "period": "FY",
        "revenue": 33726000000,
        "costOfRevenue": 12650000000,
        "grossProfit": 21076000000,
        "grossProfitRatio": 0.6249184605348989,
        "researchAndDevelopmentExpenses": 3897000000,
        "generalAndAdministrativeExpenses": 5089000000,
        "sellingAndMarketingExpenses": 0,
        "sellingGeneralAndAdministrativeExpenses": 5089000000,
        "otherExpenses": 1695000000,
        "operatingExpenses": 10681000000,
        "costAndExpenses": 23331000000,
        "interestIncome": 0,
        "interestExpense": 0,
        "depreciationAndAmortization": 4835000000,
        "ebitda": 19976000000,
        "ebitdaratio": 0.5923026744944553,
        "operatingIncome": 10395000000,
        "operatingIncomeRatio": 0.3082191780821918,
        "totalOtherIncomeExpensesNet": 4746000000,
        "incomeBeforeTax": 15141000000,
        "incomeBeforeTaxRatio": 0.4489414694894147,
        "incomeTaxExpense": 4606000000,
        "netIncome": 10535000000,
        "netIncomeRatio": 0.31237027812370277,
        "eps": 1.57,
        "epsdiluted": 1.51,
        "weightedAverageShsOut": 6709000000,
        "weightedAverageShsOutDil": 6986000000,
        "link": "https://www.sec.gov/Archives/edgar/data/50863/000091205701503434/0000912057-01-503434-index.html",
        "finalLink": "https://www.sec.gov/Archives/edgar/data/50863/000091205701503434/a2040883z10-k.htm"
    },
    {
        "date": "1999-12-25",
        "symbol": "INTC",
        "reportedCurrency": "USD",
        "cik": "0000050863",
        "fillingDate": "1999-12-25",
        "acceptedDate": "1999-12-24 19:00:00",
        "calendarYear": "1999",
        "period": "FY",
        "revenue": 29389000000,
        "costOfRevenue": 11836000000,
        "grossProfit": 17553000000,
        "grossProfitRatio": 0.5972642825546973,
        "researchAndDevelopmentExpenses": 3111000000,
        "generalAndAdministrativeExpenses": 3872000000,
        "sellingAndMarketingExpenses": 0,
        "sellingGeneralAndAdministrativeExpenses": 3872000000,
        "otherExpenses": 803000000,
        "operatingExpenses": 7786000000,
        "costAndExpenses": 19622000000,
        "interestIncome": 0,
        "interestExpense": 0,
        "depreciationAndAmortization": 3597000000,
        "ebitda": 14825000000,
        "ebitdaratio": 0.5044404368981592,
        "operatingIncome": 9767000000,
        "operatingIncomeRatio": 0.3323352274660587,
        "totalOtherIncomeExpensesNet": 1461000000,
        "incomeBeforeTax": 11228000000,
        "incomeBeforeTaxRatio": 0.3820477049236109,
        "incomeTaxExpense": 3914000000,
        "netIncome": 7314000000,
        "netIncomeRatio": 0.24886862431521997,
        "eps": 1.1,
        "epsdiluted": 1.055,
        "weightedAverageShsOut": 6648000000,
        "weightedAverageShsOutDil": 6940000000,
        "link": "",
        "finalLink": ""
    },
    {
        "date": "1998-12-26",
        "symbol": "INTC",
        "reportedCurrency": "USD",
        "cik": "0000050863",
        "fillingDate": "1998-12-26",
        "acceptedDate": "1998-12-25 19:00:00",
        "calendarYear": "1998",
        "period": "FY",
        "revenue": 26273000000,
        "costOfRevenue": 12088000000,
        "grossProfit": 14185000000,
        "grossProfitRatio": 0.5399078902295132,
        "researchAndDevelopmentExpenses": 2509000000,
        "generalAndAdministrativeExpenses": 3076000000,
        "sellingAndMarketingExpenses": 0,
        "sellingGeneralAndAdministrativeExpenses": 3076000000,
        "otherExpenses": 221000000,
        "operatingExpenses": 5806000000,
        "costAndExpenses": 17894000000,
        "interestIncome": 0,
        "interestExpense": 0,
        "depreciationAndAmortization": 2807000000,
        "ebitda": 11944000000,
        "ebitdaratio": 0.4546111978076352,
        "operatingIncome": 8379000000,
        "operatingIncomeRatio": 0.3189205648384273,
        "totalOtherIncomeExpensesNet": 758000000,
        "incomeBeforeTax": 9137000000,
        "incomeBeforeTaxRatio": 0.34777147642066,
        "incomeTaxExpense": 3069000000,
        "netIncome": 6068000000,
        "netIncomeRatio": 0.23095954021238535,
        "eps": 0.91,
        "epsdiluted": 0.865,
        "weightedAverageShsOut": 6672000000,
        "weightedAverageShsOutDil": 7034000000,
        "link": "",
        "finalLink": ""
    },
    {
        "date": "1997-12-27",
        "symbol": "INTC",
        "reportedCurrency": "USD",
        "cik": "0000050863",
        "fillingDate": "1997-12-27",
        "acceptedDate": "1997-12-26 19:00:00",
        "calendarYear": "1997",
        "period": "FY",
        "revenue": 25070000000,
        "costOfRevenue": 9945000000,
        "grossProfit": 15125000000,
        "grossProfitRatio": 0.6033107299561229,
        "researchAndDevelopmentExpenses": 2347000000,
        "generalAndAdministrativeExpenses": 2891000000,
        "sellingAndMarketingExpenses": 0,
        "sellingGeneralAndAdministrativeExpenses": 2891000000,
        "otherExpenses": 0,
        "operatingExpenses": 5238000000,
        "costAndExpenses": 15183000000,
        "interestIncome": 0,
        "interestExpense": 0,
        "depreciationAndAmortization": 2192000000,
        "ebitda": 12851000000,
        "ebitdaratio": 0.5126047068209014,
        "operatingIncome": 9887000000,
        "operatingIncomeRatio": 0.3943757479058636,
        "totalOtherIncomeExpensesNet": 772000000,
        "incomeBeforeTax": 10659000000,
        "incomeBeforeTaxRatio": 0.4251695253290786,
        "incomeTaxExpense": 3714000000,
        "netIncome": 6945000000,
        "netIncomeRatio": 0.27702433187076186,
        "eps": 1.0625,
        "epsdiluted": 0.9675,
        "weightedAverageShsOut": 6540000000,
        "weightedAverageShsOutDil": 7180000000,
        "link": "",
        "finalLink": ""
    },
    {
        "date": "1996-12-28",
        "symbol": "INTC",
        "reportedCurrency": "USD",
        "cik": "0000050863",
        "fillingDate": "1997-03-28",
        "acceptedDate": "1997-03-28 00:00:00",
        "calendarYear": "1996",
        "period": "FY",
        "revenue": 20847000000,
        "costOfRevenue": 9164000000,
        "grossProfit": 11683000000,
        "grossProfitRatio": 0.5604163668633376,
        "researchAndDevelopmentExpenses": 1808000000,
        "generalAndAdministrativeExpenses": 2322000000,
        "sellingAndMarketingExpenses": 0,
        "sellingGeneralAndAdministrativeExpenses": 2322000000,
        "otherExpenses": 0,
        "operatingExpenses": 4130000000,
        "costAndExpenses": 13294000000,
        "interestIncome": 0,
        "interestExpense": 0,
        "depreciationAndAmortization": 1888000000,
        "ebitda": 9822000000,
        "ebitdaratio": 0.47114692761548427,
        "operatingIncome": 7553000000,
        "operatingIncomeRatio": 0.36230632704945553,
        "totalOtherIncomeExpensesNet": 381000000,
        "incomeBeforeTax": 7934000000,
        "incomeBeforeTaxRatio": 0.380582337986281,
        "incomeTaxExpense": 2777000000,
        "netIncome": 5157000000,
        "netIncomeRatio": 0.2473737228378184,
        "eps": 0.72625,
        "epsdiluted": 0.72625,
        "weightedAverageShsOut": 7104000000,
        "weightedAverageShsOutDil": 7104000000,
        "link": "https://www.sec.gov/Archives/edgar/data/50863/000005086397000020/0000050863-97-000020-index.html",
        "finalLink": "https://www.sec.gov/Archives/edgar/data/50863/0000050863-97-000020.txt"
    },
    {
        "date": "1995-12-30",
        "symbol": "INTC",
        "reportedCurrency": "USD",
        "cik": "0000050863",
        "fillingDate": "1996-03-29",
        "acceptedDate": "1996-03-29 00:00:00",
        "calendarYear": "1995",
        "period": "FY",
        "revenue": 16202000000,
        "costOfRevenue": 7811000000,
        "grossProfit": 8391000000,
        "grossProfitRatio": 0.5178990248117517,
        "researchAndDevelopmentExpenses": 1296000000,
        "generalAndAdministrativeExpenses": 1843000000,
        "sellingAndMarketingExpenses": 0,
        "sellingGeneralAndAdministrativeExpenses": 1843000000,
        "otherExpenses": 0,
        "operatingExpenses": 3139000000,
        "costAndExpenses": 10950000000,
        "interestIncome": 0,
        "interestExpense": 0,
        "depreciationAndAmortization": 1379000000,
        "ebitda": 7017000000,
        "ebitdaratio": 0.43309467966917664,
        "operatingIncome": 5252000000,
        "operatingIncomeRatio": 0.3241575114183434,
        "totalOtherIncomeExpensesNet": 386000000,
        "incomeBeforeTax": 5638000000,
        "incomeBeforeTaxRatio": 0.34798173065053695,
        "incomeTaxExpense": 2072000000,
        "netIncome": 3566000000,
        "netIncomeRatio": 0.22009628440933218,
        "eps": 0.50375,
        "epsdiluted": 0.50375,
        "weightedAverageShsOut": 7072000000,
        "weightedAverageShsOutDil": 7072000000,
        "link": "https://www.sec.gov/Archives/edgar/data/50863/000005086396000002/0000050863-96-000002-index.html",
        "finalLink": "https://www.sec.gov/Archives/edgar/data/50863/0000050863-96-000002.txt"
    },
    {
        "date": "1994-12-31",
        "symbol": "INTC",
        "reportedCurrency": "USD",
        "cik": "0000050863",
        "fillingDate": "1995-03-28",
        "acceptedDate": "1995-03-28 00:00:00",
        "calendarYear": "1994",
        "period": "FY",
        "revenue": 11521000000,
        "costOfRevenue": 5576000000,
        "grossProfit": 5945000000,
        "grossProfitRatio": 0.5160142348754448,
        "researchAndDevelopmentExpenses": 1111000000,
        "generalAndAdministrativeExpenses": 1447000000,
        "sellingAndMarketingExpenses": 0,
        "sellingGeneralAndAdministrativeExpenses": 1447000000,
        "otherExpenses": 0,
        "operatingExpenses": 2558000000,
        "costAndExpenses": 8134000000,
        "interestIncome": 0,
        "interestExpense": 0,
        "depreciationAndAmortization": 1047000000,
        "ebitda": 4650000000,
        "ebitdaratio": 0.403610797673813,
        "operatingIncome": 3387000000,
        "operatingIncomeRatio": 0.2939848971443451,
        "totalOtherIncomeExpensesNet": 216000000,
        "incomeBeforeTax": 3603000000,
        "incomeBeforeTaxRatio": 0.31273326968145126,
        "incomeTaxExpense": 1315000000,
        "netIncome": 2288000000,
        "netIncomeRatio": 0.19859387205971704,
        "eps": 0.3275,
        "epsdiluted": 0.3275,
        "weightedAverageShsOut": 6986259542,
        "weightedAverageShsOutDil": 6992000000,
        "link": "https://www.sec.gov/Archives/edgar/data/50863/000005086395000004/0000050863-95-000004-index.html",
        "finalLink": "https://www.sec.gov/Archives/edgar/data/50863/0000050863-95-000004.txt"
    },
    {
        "date": "1993-12-31",
        "symbol": "INTC",
        "reportedCurrency": "USD",
        "cik": "0000050863",
        "fillingDate": "1993-12-31",
        "acceptedDate": "1993-12-30 19:00:00",
        "calendarYear": "1993",
        "period": "FY",
        "revenue": 8782000000,
        "costOfRevenue": 2535000000,
        "grossProfit": 6247000000,
        "grossProfitRatio": 0.7113413800956502,
        "researchAndDevelopmentExpenses": 0,
        "generalAndAdministrativeExpenses": 0,
        "sellingAndMarketingExpenses": 0,
        "sellingGeneralAndAdministrativeExpenses": 2138000000,
        "otherExpenses": 717000000,
        "operatingExpenses": 2855000000,
        "costAndExpenses": 5390000000,
        "interestIncome": 0,
        "interestExpense": 0,
        "depreciationAndAmortization": 717000000,
        "ebitda": 4247000000,
        "ebitdaratio": 0.4836028239580961,
        "operatingIncome": 3392000000,
        "operatingIncomeRatio": 0.3862445912092917,
        "totalOtherIncomeExpensesNet": 138000000,
        "incomeBeforeTax": 3530000000,
        "incomeBeforeTaxRatio": 0.401958551582783,
        "incomeTaxExpense": 1235000000,
        "netIncome": 2295000000,
        "netIncomeRatio": 0.26132999316784333,
        "eps": 0.35,
        "epsdiluted": 0.33,
        "weightedAverageShsOut": 6557142857,
        "weightedAverageShsOutDil": 6954545455,
        "link": "",
        "finalLink": ""
    },
    {
        "date": "1992-12-31",
        "symbol": "INTC",
        "reportedCurrency": "USD",
        "cik": "0000050863",
        "fillingDate": "1992-12-31",
        "acceptedDate": "1992-12-30 19:00:00",
        "calendarYear": "1992",
        "period": "FY",
        "revenue": 5844000000,
        "costOfRevenue": 2039800000,
        "grossProfit": 3804200000,
        "grossProfitRatio": 0.6509582477754963,
        "researchAndDevelopmentExpenses": 0,
        "generalAndAdministrativeExpenses": 0,
        "sellingAndMarketingExpenses": 0,
        "sellingGeneralAndAdministrativeExpenses": 1796500000,
        "otherExpenses": 517600000,
        "operatingExpenses": 2314100000,
        "costAndExpenses": 4353900000,
        "interestIncome": 0,
        "interestExpense": 0,
        "depreciationAndAmortization": 517600000,
        "ebitda": 2086100000,
        "ebitdaratio": 0.3569644079397673,
        "operatingIncome": 1490100000,
        "operatingIncomeRatio": 0.2549794661190965,
        "totalOtherIncomeExpensesNet": 78400000,
        "incomeBeforeTax": 1568500000,
        "incomeBeforeTaxRatio": 0.26839493497604383,
        "incomeTaxExpense": 502000000,
        "netIncome": 1066500000,
        "netIncomeRatio": 0.18249486652977412,
        "eps": 0.16,
        "epsdiluted": 0.16,
        "weightedAverageShsOut": 6665625000,
        "weightedAverageShsOutDil": 6665625000,
        "link": "",
        "finalLink": ""
    },
    {
        "date": "1991-12-31",
        "symbol": "INTC",
        "reportedCurrency": "USD",
        "cik": "0000050863",
        "fillingDate": "1991-12-31",
        "acceptedDate": "1991-12-30 19:00:00",
        "calendarYear": "1991",
        "period": "FY",
        "revenue": 4778600000,
        "costOfRevenue": 1897300000,
        "grossProfit": 2881300000,
        "grossProfitRatio": 0.6029590256560499,
        "researchAndDevelopmentExpenses": 0,
        "generalAndAdministrativeExpenses": 0,
        "sellingAndMarketingExpenses": 0,
        "sellingGeneralAndAdministrativeExpenses": 1383100000,
        "otherExpenses": 418300000,
        "operatingExpenses": 1801400000,
        "costAndExpenses": 3698700000,
        "interestIncome": 0,
        "interestExpense": 0,
        "depreciationAndAmortization": 418300000,
        "ebitda": 1612900000,
        "ebitdaratio": 0.33752563512325784,
        "operatingIncome": 1079900000,
        "operatingIncomeRatio": 0.22598669066253715,
        "totalOtherIncomeExpensesNet": 114700000,
        "incomeBeforeTax": 1194600000,
        "incomeBeforeTaxRatio": 0.24998953668438456,
        "incomeTaxExpense": 376000000,
        "netIncome": 818600000,
        "netIncomeRatio": 0.17130540325618382,
        "eps": 0.13,
        "epsdiluted": 0.13,
        "weightedAverageShsOut": 6296923077,
        "weightedAverageShsOutDil": 6296923077,
        "link": "",
        "finalLink": ""
    },
    {
        "date": "1990-12-31",
        "symbol": "INTC",
        "reportedCurrency": "USD",
        "cik": "0000050863",
        "fillingDate": "1990-12-31",
        "acceptedDate": "1990-12-30 19:00:00",
        "calendarYear": "1990",
        "period": "FY",
        "revenue": 3921300000,
        "costOfRevenue": 1637900000,
        "grossProfit": 2283400000,
        "grossProfitRatio": 0.5823068880218295,
        "researchAndDevelopmentExpenses": 0,
        "generalAndAdministrativeExpenses": 0,
        "sellingAndMarketingExpenses": 0,
        "sellingGeneralAndAdministrativeExpenses": 1132700000,
        "otherExpenses": 292400000,
        "operatingExpenses": 1425100000,
        "costAndExpenses": 3063000000,
        "interestIncome": 0,
        "interestExpense": 0,
        "depreciationAndAmortization": 292400000,
        "ebitda": 1278700000,
        "ebitdaratio": 0.3260908372223497,
        "operatingIncome": 858300000,
        "operatingIncomeRatio": 0.21888149338229668,
        "totalOtherIncomeExpensesNet": 128000000,
        "incomeBeforeTax": 986300000,
        "incomeBeforeTaxRatio": 0.25152372937546225,
        "incomeTaxExpense": 336000000,
        "netIncome": 650300000,
        "netIncomeRatio": 0.1658378598934027,
        "eps": 0.11,
        "epsdiluted": 0.1,
        "weightedAverageShsOut": 5911818182,
        "weightedAverageShsOutDil": 6503000000,
        "link": "",
        "finalLink": ""
    },
    {
        "date": "1989-12-31",
        "symbol": "INTC",
        "reportedCurrency": "USD",
        "cik": "0000050863",
        "fillingDate": "1989-12-31",
        "acceptedDate": "1989-12-30 19:00:00",
        "calendarYear": "1989",
        "period": "FY",
        "revenue": 3126800000,
        "costOfRevenue": 1483800000,
        "grossProfit": 1643000000,
        "grossProfitRatio": 0.5254573365741333,
        "researchAndDevelopmentExpenses": 0,
        "generalAndAdministrativeExpenses": 0,
        "sellingAndMarketingExpenses": 0,
        "sellingGeneralAndAdministrativeExpenses": 848500000,
        "otherExpenses": 237200000,
        "operatingExpenses": 1085700000,
        "costAndExpenses": 2569500000,
        "interestIncome": 0,
        "interestExpense": 0,
        "depreciationAndAmortization": 237200000,
        "ebitda": 820200000,
        "ebitdaratio": 0.2623129077651273,
        "operatingIncome": 557300000,
        "operatingIncomeRatio": 0.1782333375975438,
        "totalOtherIncomeExpensesNet": 25700000,
        "incomeBeforeTax": 583000000,
        "incomeBeforeTaxRatio": 0.18645260330049893,
        "incomeTaxExpense": 192000000,
        "netIncome": 391000000,
        "netIncomeRatio": 0.1250479723679161,
        "eps": 0.07,
        "epsdiluted": 0.07,
        "weightedAverageShsOut": 5585714286,
        "weightedAverageShsOutDil": 5585714286,
        "link": "",
        "finalLink": ""
    },
    {
        "date": "1988-12-31",
        "symbol": "INTC",
        "reportedCurrency": "USD",
        "cik": "0000050863",
        "fillingDate": "1988-12-31",
        "acceptedDate": "1988-12-30 19:00:00",
        "calendarYear": "1988",
        "period": "FY",
        "revenue": 2874800000,
        "costOfRevenue": 1295000000,
        "grossProfit": 1579800000,
        "grossProfitRatio": 0.5495338806177821,
        "researchAndDevelopmentExpenses": 0,
        "generalAndAdministrativeExpenses": 0,
        "sellingAndMarketingExpenses": 0,
        "sellingGeneralAndAdministrativeExpenses": 774500000,
        "otherExpenses": 210900000,
        "operatingExpenses": 985400000,
        "costAndExpenses": 2280400000,
        "interestIncome": 0,
        "interestExpense": 0,
        "depreciationAndAmortization": 0,
        "ebitda": 629000000,
        "ebitdaratio": 0.21879782941422013,
        "operatingIncome": 594400000,
        "operatingIncomeRatio": 0.20676220954501182,
        "totalOtherIncomeExpensesNet": 34600000,
        "incomeBeforeTax": 629000000,
        "incomeBeforeTaxRatio": 0.21879782941422013,
        "incomeTaxExpense": 176100000,
        "netIncome": 452900000,
        "netIncomeRatio": 0.15754139418394322,
        "eps": 0.09,
        "epsdiluted": 0.08,
        "weightedAverageShsOut": 5032222222,
        "weightedAverageShsOutDil": 5661250000,
        "link": "",
        "finalLink": ""
    },
    {
        "date": "1987-12-31",
        "symbol": "INTC",
        "reportedCurrency": "USD",
        "cik": "0000050863",
        "fillingDate": "1987-12-31",
        "acceptedDate": "1987-12-30 19:00:00",
        "calendarYear": "1987",
        "period": "FY",
        "revenue": 1907100000,
        "costOfRevenue": 872100000,
        "grossProfit": 1035000000,
        "grossProfitRatio": 0.5427088249174139,
        "researchAndDevelopmentExpenses": 0,
        "generalAndAdministrativeExpenses": 0,
        "sellingAndMarketingExpenses": 0,
        "sellingGeneralAndAdministrativeExpenses": 617700000,
        "otherExpenses": 171400000,
        "operatingExpenses": 789100000,
        "costAndExpenses": 1661200000,
        "interestIncome": 0,
        "interestExpense": 0,
        "depreciationAndAmortization": 0,
        "ebitda": 287800000,
        "ebitdaratio": 0.15090975827172146,
        "operatingIncome": 245900000,
        "operatingIncomeRatio": 0.12893922709873631,
        "totalOtherIncomeExpensesNet": 41900000,
        "incomeBeforeTax": 287800000,
        "incomeBeforeTaxRatio": 0.15090975827172146,
        "incomeTaxExpense": 112300000,
        "netIncome": 175500000,
        "netIncomeRatio": 0.09202453987730061,
        "eps": 0.04,
        "epsdiluted": 0.04,
        "weightedAverageShsOut": 4387500000,
        "weightedAverageShsOutDil": 4387500000,
        "link": "",
        "finalLink": ""
    },
    {
        "date": "1986-12-31",
        "symbol": "INTC",
        "reportedCurrency": "USD",
        "cik": "0000050863",
        "fillingDate": "1986-12-31",
        "acceptedDate": "1986-12-30 19:00:00",
        "calendarYear": "1986",
        "period": "FY",
        "revenue": 1265000000,
        "costOfRevenue": 687200000,
        "grossProfit": 577800000,
        "grossProfitRatio": 0.4567588932806324,
        "researchAndDevelopmentExpenses": 0,
        "generalAndAdministrativeExpenses": 0,
        "sellingAndMarketingExpenses": 0,
        "sellingGeneralAndAdministrativeExpenses": 539600000,
        "otherExpenses": 173500000,
        "operatingExpenses": 713100000,
        "costAndExpenses": 1400300000,
        "interestIncome": 0,
        "interestExpense": 0,
        "depreciationAndAmortization": 0,
        "ebitda": -174600000,
        "ebitdaratio": -0.13802371541501976,
        "operatingIncome": -135300000,
        "operatingIncomeRatio": -0.10695652173913044,
        "totalOtherIncomeExpensesNet": -39300000,
        "incomeBeforeTax": -174600000,
        "incomeBeforeTaxRatio": -0.13802371541501976,
        "incomeTaxExpense": 8700000,
        "netIncome": -183300000,
        "netIncomeRatio": -0.14490118577075098,
        "eps": -0.04,
        "epsdiluted": -0.04,
        "weightedAverageShsOut": 4582500000,
        "weightedAverageShsOutDil": 4582500000,
        "link": "",
        "finalLink": ""
    },
    {
        "date": "1985-12-31",
        "symbol": "INTC",
        "reportedCurrency": "USD",
        "cik": "0000050863",
        "fillingDate": "1985-12-31",
        "acceptedDate": "1985-12-30 19:00:00",
        "calendarYear": "1985",
        "period": "FY",
        "revenue": 1365000000,
        "costOfRevenue": 777200000,
        "grossProfit": 587800000,
        "grossProfitRatio": 0.4306227106227106,
        "researchAndDevelopmentExpenses": 0,
        "generalAndAdministrativeExpenses": 0,
        "sellingAndMarketingExpenses": 0,
        "sellingGeneralAndAdministrativeExpenses": 481700000,
        "otherExpenses": 166300000,
        "operatingExpenses": 648000000,
        "costAndExpenses": 1425200000,
        "interestIncome": 0,
        "interestExpense": 0,
        "depreciationAndAmortization": 0,
        "ebitda": -5400000,
        "ebitdaratio": -0.003956043956043956,
        "operatingIncome": -60200000,
        "operatingIncomeRatio": -0.0441025641025641,
        "totalOtherIncomeExpensesNet": 54800000,
        "incomeBeforeTax": -5400000,
        "incomeBeforeTaxRatio": -0.003956043956043956,
        "incomeTaxExpense": -7000000,
        "netIncome": 1600000,
        "netIncomeRatio": 0.0011721611721611722,
        "eps": 0.0002873067861862897,
        "epsdiluted": 0.0002873067861862897,
        "weightedAverageShsOut": 5568960000,
        "weightedAverageShsOutDil": 5568960000,
        "link": "",
        "finalLink": ""
    }
]