[
    {
        "date": "2022-01-02",
        "symbol": "JNJ",
        "reportedCurrency": "USD",
        "cik": "0000200406",
        "fillingDate": "2022-02-17",
        "acceptedDate": "2022-02-17 16:06:50",
        "calendarYear": "2021",
        "period": "FY",
        "revenue": 93775000000,
        "costOfRevenue": 29855000000,
        "grossProfit": 63920000000,
        "grossProfitRatio": 0.6816315649160224,
        "researchAndDevelopmentExpenses": 14714000000,
        "generalAndAdministrativeExpenses": 0,
        "sellingAndMarketingExpenses": 0,
        "sellingGeneralAndAdministrativeExpenses": 24659000000,
        "otherExpenses": 0,
        "operatingExpenses": 39373000000,
        "costAndExpenses": 69228000000,
        "interestIncome": 53000000,
        "interestExpense": 183000000,
        "depreciationAndAmortization": 7390000000,
        "ebitda": 30349000000,
        "ebitdaratio": 0.3236363636363636,
        "operatingIncome": 24547000000,
        "operatingIncomeRatio": 0.26176486270327914,
        "totalOtherIncomeExpensesNet": -1771000000,
        "incomeBeforeTax": 22776000000,
        "incomeBeforeTaxRatio": 0.2428792322047454,
        "incomeTaxExpense": 1898000000,
        "netIncome": 20878000000,
        "netIncomeRatio": 0.22263929618768327,
        "eps": 7.93,
        "epsdiluted": 7.81,
        "weightedAverageShsOut": 2632100000,
        "weightedAverageShsOutDil": 2674000000,
        "link": "https://www.sec.gov/Archives/edgar/data/200406/000020040622000022/0000200406-22-000022-index.htm",
        "finalLink": "https://www.sec.gov/Archives/edgar/data/200406/000020040622000022/jnj-20220102.htm"
    },
    {
        "date": "2021-01-03",
        "symbol": "JNJ",
        "reportedCurrency": "USD",
        "cik": "0000200406",
        "fillingDate": "2021-02-22",
        "acceptedDate": "2021-02-22 16:36:14",
        "calendarYear": "2020",
        "period": "FY",
        "revenue": 82584000000,
        "costOfRevenue": 28427000000,
        "grossProfit": 54157000000,
        "grossProfitRatio": 0.6557807807807807,
        "researchAndDevelopmentExpenses": 12159000000,
        "generalAndAdministrativeExpenses": 0,
        "sellingAndMarketingExpenses": 0,
        "sellingGeneralAndAdministrativeExpenses": 22084000000,
        "otherExpenses": 0,
        "operatingExpenses": 34243000000,
        "costAndExpenses": 62670000000,
        "interestIncome": 111000000,
        "interestExpense": 201000000,
        "depreciationAndAmortization": 7231000000,
        "ebitda": 23929000000,
        "ebitdaratio": 0.28975346314055994,
        "operatingIncome": 19914000000,
        "operatingIncomeRatio": 0.2411362975879105,
        "totalOtherIncomeExpensesNet": -3417000000,
        "incomeBeforeTax": 16497000000,
        "incomeBeforeTaxRatio": 0.19976024411508284,
        "incomeTaxExpense": 1783000000,
        "netIncome": 14714000000,
        "netIncomeRatio": 0.17817010558946042,
        "eps": 5.589273,
        "epsdiluted": 5.51,
        "weightedAverageShsOut": 2632512000,
        "weightedAverageShsOutDil": 2670700000,
        "link": "https://www.sec.gov/Archives/edgar/data/200406/000020040621000008/0000200406-21-000008-index.htm",
        "finalLink": "https://www.sec.gov/Archives/edgar/data/200406/000020040621000008/jnj-20210103.htm"
    },
    {
        "date": "2019-12-29",
        "symbol": "JNJ",
        "reportedCurrency": "USD",
        "cik": "0000200406",
        "fillingDate": "2020-02-18",
        "acceptedDate": "2020-02-18 16:34:21",
        "calendarYear": "2019",
        "period": "FY",
        "revenue": 82059000000,
        "costOfRevenue": 27456000000,
        "grossProfit": 54603000000,
        "grossProfitRatio": 0.665411472233393,
        "researchAndDevelopmentExpenses": 11355000000,
        "generalAndAdministrativeExpenses": 0,
        "sellingAndMarketingExpenses": 22178000000,
        "sellingGeneralAndAdministrativeExpenses": 22178000000,
        "otherExpenses": 3742000000,
        "operatingExpenses": 37275000000,
        "costAndExpenses": 64731000000,
        "interestIncome": 357000000,
        "interestExpense": 318000000,
        "depreciationAndAmortization": 7009000000,
        "ebitda": 24655000000,
        "ebitdaratio": 0.30045455099379714,
        "operatingIncome": 20970000000,
        "operatingIncomeRatio": 0.2555478375315322,
        "totalOtherIncomeExpensesNet": -3642000000,
        "incomeBeforeTax": 17328000000,
        "incomeBeforeTaxRatio": 0.21116513727927466,
        "incomeTaxExpense": 2209000000,
        "netIncome": 15119000000,
        "netIncomeRatio": 0.1842454819093579,
        "eps": 5.743195,
        "epsdiluted": 5.63,
        "weightedAverageShsOut": 2632507000,
        "weightedAverageShsOutDil": 2684300000,
        "link": "https://www.sec.gov/Archives/edgar/data/200406/000020040620000010/0000200406-20-000010-index.htm",
        "finalLink": "https://www.sec.gov/Archives/edgar/data/200406/000020040620000010/form10-k20191229.htm"
    },
    {
        "date": "2018-12-30",
        "symbol": "JNJ",
        "reportedCurrency": "USD",
        "cik": "0000200406",
        "fillingDate": "2019-02-20",
        "acceptedDate": "2019-02-20 16:40:34",
        "calendarYear": "2018",
        "period": "FY",
        "revenue": 81581000000,
        "costOfRevenue": 26986000000,
        "grossProfit": 54595000000,
        "grossProfitRatio": 0.6692121940157635,
        "researchAndDevelopmentExpenses": 10775000000,
        "generalAndAdministrativeExpenses": 0,
        "sellingAndMarketingExpenses": 22540000000,
        "sellingGeneralAndAdministrativeExpenses": 22540000000,
        "otherExpenses": 3281000000,
        "operatingExpenses": 36596000000,
        "costAndExpenses": 63582000000,
        "interestIncome": 611000000,
        "interestExpense": 1005000000,
        "depreciationAndAmortization": 6929000000,
        "ebitda": 25933000000,
        "ebitdaratio": 0.3178803888160233,
        "operatingIncome": 21175000000,
        "operatingIncomeRatio": 0.2595579853152082,
        "totalOtherIncomeExpensesNet": -3176000000,
        "incomeBeforeTax": 17999000000,
        "incomeBeforeTaxRatio": 0.22062735195695077,
        "incomeTaxExpense": 2702000000,
        "netIncome": 15297000000,
        "netIncomeRatio": 0.18750689498780354,
        "eps": 5.745732,
        "epsdiluted": 5.61,
        "weightedAverageShsOut": 2662324000,
        "weightedAverageShsOutDil": 2728700000,
        "link": "https://www.sec.gov/Archives/edgar/data/200406/000020040619000009/0000200406-19-000009-index.htm",
        "finalLink": "https://www.sec.gov/Archives/edgar/data/200406/000020040619000009/form10-k20181230.htm"
    },
    {
        "date": "2017-12-31",
        "symbol": "JNJ",
        "reportedCurrency": "USD",
        "cik": "0000200406",
        "fillingDate": "2018-02-21",
        "acceptedDate": "2018-02-21 16:49:20",
        "calendarYear": "2017",
        "period": "FY",
        "revenue": 76450000000,
        "costOfRevenue": 25354000000,
        "grossProfit": 51096000000,
        "grossProfitRatio": 0.6683584041857423,
        "researchAndDevelopmentExpenses": 10962000000,
        "generalAndAdministrativeExpenses": 0,
        "sellingAndMarketingExpenses": 21420000000,
        "sellingGeneralAndAdministrativeExpenses": 21420000000,
        "otherExpenses": 0,
        "operatingExpenses": 32382000000,
        "costAndExpenses": 57736000000,
        "interestIncome": 385000000,
        "interestExpense": 934000000,
        "depreciationAndAmortization": 5642000000,
        "ebitda": 24249000000,
        "ebitdaratio": 0.317187704381949,
        "operatingIncome": 19122000000,
        "operatingIncomeRatio": 0.25012426422498363,
        "totalOtherIncomeExpensesNet": -1449000000,
        "incomeBeforeTax": 17673000000,
        "incomeBeforeTaxRatio": 0.23117069980379332,
        "incomeTaxExpense": 16373000000,
        "netIncome": 1300000000,
        "netIncomeRatio": 0.017004578155657292,
        "eps": 0.484618,
        "epsdiluted": 0.47,
        "weightedAverageShsOut": 2682525000,
        "weightedAverageShsOutDil": 2745300000,
        "link": "https://www.sec.gov/Archives/edgar/data/200406/000020040618000005/0000200406-18-000005-index.htm",
        "finalLink": "https://www.sec.gov/Archives/edgar/data/200406/000020040618000005/form10-k20171231.htm"
    },
    {
        "date": "2017-01-01",
        "symbol": "JNJ",
        "reportedCurrency": "USD",
        "cik": "0000200406",
        "fillingDate": "2017-02-27",
        "acceptedDate": "2017-02-27 16:52:48",
        "calendarYear": "2016",
        "period": "FY",
        "revenue": 71890000000,
        "costOfRevenue": 21640000000,
        "grossProfit": 50250000000,
        "grossProfitRatio": 0.6989845597440534,
        "researchAndDevelopmentExpenses": 9095000000,
        "generalAndAdministrativeExpenses": 0,
        "sellingAndMarketingExpenses": 19945000000,
        "sellingGeneralAndAdministrativeExpenses": 19945000000,
        "otherExpenses": 1407000000,
        "operatingExpenses": 30447000000,
        "costAndExpenses": 52087000000,
        "interestIncome": 368000000,
        "interestExpense": 726000000,
        "depreciationAndAmortization": 3754000000,
        "ebitda": 24283000000,
        "ebitdaratio": 0.3377799415774099,
        "operatingIncome": 21165000000,
        "operatingIncomeRatio": 0.2944081235220476,
        "totalOtherIncomeExpensesNet": -1362000000,
        "incomeBeforeTax": 19803000000,
        "incomeBeforeTaxRatio": 0.2754625121713729,
        "incomeTaxExpense": 3263000000,
        "netIncome": 16540000000,
        "netIncomeRatio": 0.23007372374460983,
        "eps": 6.079694,
        "epsdiluted": 5.93,
        "weightedAverageShsOut": 2706511000,
        "weightedAverageShsOutDil": 2788900000,
        "link": "https://www.sec.gov/Archives/edgar/data/200406/000020040617000006/0000200406-17-000006-index.htm",
        "finalLink": "https://www.sec.gov/Archives/edgar/data/200406/000020040617000006/form10-k20170101.htm"
    },
    {
        "date": "2016-01-03",
        "symbol": "JNJ",
        "reportedCurrency": "USD",
        "cik": "0000200406",
        "fillingDate": "2016-02-24",
        "acceptedDate": "2016-02-24 16:58:53",
        "calendarYear": "2015",
        "period": "FY",
        "revenue": 70074000000,
        "costOfRevenue": 21455000000,
        "grossProfit": 48619000000,
        "grossProfitRatio": 0.6938236721180466,
        "researchAndDevelopmentExpenses": 9047000000,
        "generalAndAdministrativeExpenses": 0,
        "sellingAndMarketingExpenses": 21203000000,
        "sellingGeneralAndAdministrativeExpenses": 21203000000,
        "otherExpenses": -827000000,
        "operatingExpenses": 29423000000,
        "costAndExpenses": 50878000000,
        "interestIncome": 128000000,
        "interestExpense": 552000000,
        "depreciationAndAmortization": 3746000000,
        "ebitda": 23494000000,
        "ebitdaratio": 0.33527413876758855,
        "operatingIncome": 18289000000,
        "operatingIncomeRatio": 0.26099551902274737,
        "totalOtherIncomeExpensesNet": 907000000,
        "incomeBeforeTax": 19196000000,
        "incomeBeforeTaxRatio": 0.2739389787938465,
        "incomeTaxExpense": 3787000000,
        "netIncome": 15409000000,
        "netIncomeRatio": 0.21989610982675456,
        "eps": 5.568961,
        "epsdiluted": 5.48,
        "weightedAverageShsOut": 2755162000,
        "weightedAverageShsOutDil": 2812900000,
        "link": "https://www.sec.gov/Archives/edgar/data/200406/000020040616000071/0000200406-16-000071-index.htm",
        "finalLink": "https://www.sec.gov/Archives/edgar/data/200406/000020040616000071/form10-k20160103.htm"
    },
    {
        "date": "2014-12-28",
        "symbol": "JNJ",
        "reportedCurrency": "USD",
        "cik": "0000200406",
        "fillingDate": "2015-02-24",
        "acceptedDate": "2015-02-23 19:11:03",
        "calendarYear": "2014",
        "period": "FY",
        "revenue": 74331000000,
        "costOfRevenue": 22746000000,
        "grossProfit": 51585000000,
        "grossProfitRatio": 0.6939903943173104,
        "researchAndDevelopmentExpenses": 8494000000,
        "generalAndAdministrativeExpenses": 0,
        "sellingAndMarketingExpenses": 21954000000,
        "sellingGeneralAndAdministrativeExpenses": 21954000000,
        "otherExpenses": 574000000,
        "operatingExpenses": 31022000000,
        "costAndExpenses": 53768000000,
        "interestIncome": 67000000,
        "interestExpense": 533000000,
        "depreciationAndAmortization": 3895000000,
        "ebitda": 24991000000,
        "ebitdaratio": 0.3362123474727906,
        "operatingIncome": 21137000000,
        "operatingIncomeRatio": 0.2843631862883588,
        "totalOtherIncomeExpensesNet": -574000000,
        "incomeBeforeTax": 20563000000,
        "incomeBeforeTaxRatio": 0.27664097079280514,
        "incomeTaxExpense": 4240000000,
        "netIncome": 16323000000,
        "netIncomeRatio": 0.21959882148767002,
        "eps": 5.864783,
        "epsdiluted": 5.7,
        "weightedAverageShsOut": 2783223000,
        "weightedAverageShsOutDil": 2863900000,
        "link": "https://www.sec.gov/Archives/edgar/data/200406/000020040615000004/0000200406-15-000004-index.htm",
        "finalLink": "https://www.sec.gov/Archives/edgar/data/200406/000020040615000004/a2014122810-k.htm"
    },
    {
        "date": "2013-12-29",
        "symbol": "JNJ",
        "reportedCurrency": "USD",
        "cik": "0000200406",
        "fillingDate": "2014-02-21",
        "acceptedDate": "2014-02-21 14:29:51",
        "calendarYear": "2013",
        "period": "FY",
        "revenue": 71312000000,
        "costOfRevenue": 21659000000,
        "grossProfit": 49653000000,
        "grossProfitRatio": 0.6962783262284048,
        "researchAndDevelopmentExpenses": 8187000000,
        "generalAndAdministrativeExpenses": 0,
        "sellingAndMarketingExpenses": 21830000000,
        "sellingGeneralAndAdministrativeExpenses": 21830000000,
        "otherExpenses": 4165000000,
        "operatingExpenses": 34182000000,
        "costAndExpenses": 55841000000,
        "interestIncome": 74000000,
        "interestExpense": 482000000,
        "depreciationAndAmortization": 4104000000,
        "ebitda": 20057000000,
        "ebitdaratio": 0.28125701144267445,
        "operatingIncome": 18957000000,
        "operatingIncomeRatio": 0.2658318375588961,
        "totalOtherIncomeExpensesNet": -3486000000,
        "incomeBeforeTax": 15471000000,
        "incomeBeforeTaxRatio": 0.21694805923266772,
        "incomeTaxExpense": 1640000000,
        "netIncome": 13831000000,
        "netIncomeRatio": 0.19395052726048911,
        "eps": 4.903518,
        "epsdiluted": 4.81,
        "weightedAverageShsOut": 2820628000,
        "weightedAverageShsOutDil": 2877000000,
        "link": "https://www.sec.gov/Archives/edgar/data/200406/000020040614000033/0000200406-14-000033-index.htm",
        "finalLink": "https://www.sec.gov/Archives/edgar/data/200406/000020040614000033/a2013122910-k.htm"
    },
    {
        "date": "2012-12-30",
        "symbol": "JNJ",
        "reportedCurrency": "USD",
        "cik": "0000200406",
        "fillingDate": "2013-02-22",
        "acceptedDate": "2013-02-21 18:44:12",
        "calendarYear": "2012",
        "period": "FY",
        "revenue": 67224000000,
        "costOfRevenue": 21658000000,
        "grossProfit": 45566000000,
        "grossProfitRatio": 0.6778233964060455,
        "researchAndDevelopmentExpenses": 7666000000,
        "generalAndAdministrativeExpenses": 0,
        "sellingAndMarketingExpenses": 20869000000,
        "sellingGeneralAndAdministrativeExpenses": 20869000000,
        "otherExpenses": 3256000000,
        "operatingExpenses": 31791000000,
        "costAndExpenses": 53449000000,
        "interestIncome": 64000000,
        "interestExpense": 532000000,
        "depreciationAndAmortization": 3666000000,
        "ebitda": 18312000000,
        "ebitdaratio": 0.2724027133166726,
        "operatingIncome": 17032000000,
        "operatingIncomeRatio": 0.2533618945614661,
        "totalOtherIncomeExpensesNet": -3257000000,
        "incomeBeforeTax": 13775000000,
        "incomeBeforeTaxRatio": 0.20491193621325718,
        "incomeTaxExpense": 3261000000,
        "netIncome": 10853000000,
        "netIncomeRatio": 0.16144531714863739,
        "eps": 3.90608,
        "epsdiluted": 3.86,
        "weightedAverageShsOut": 2778489000,
        "weightedAverageShsOutDil": 2812600000,
        "link": "https://www.sec.gov/Archives/edgar/data/200406/000020040613000038/0000200406-13-000038-index.htm",
        "finalLink": "https://www.sec.gov/Archives/edgar/data/200406/000020040613000038/a2012123010-k.htm"
    },
    {
        "date": "2012-01-01",
        "symbol": "JNJ",
        "reportedCurrency": "USD",
        "cik": "0000200406",
        "fillingDate": "2012-02-23",
        "acceptedDate": "2012-02-23 17:11:21",
        "calendarYear": "2011",
        "period": "FY",
        "revenue": 65030000000,
        "costOfRevenue": 20273000000,
        "grossProfit": 44757000000,
        "grossProfitRatio": 0.6882515761956021,
        "researchAndDevelopmentExpenses": 7548000000,
        "generalAndAdministrativeExpenses": 0,
        "sellingAndMarketingExpenses": 20969000000,
        "sellingGeneralAndAdministrativeExpenses": 20969000000,
        "otherExpenses": 3879000000,
        "operatingExpenses": 32396000000,
        "costAndExpenses": 52669000000,
        "interestIncome": 91000000,
        "interestExpense": 571000000,
        "depreciationAndAmortization": 3158000000,
        "ebitda": 16090000000,
        "ebitdaratio": 0.24742426572351223,
        "operatingIncome": 16153000000,
        "operatingIncomeRatio": 0.248393049361833,
        "totalOtherIncomeExpensesNet": -3792000000,
        "incomeBeforeTax": 12361000000,
        "incomeBeforeTaxRatio": 0.1900815008457635,
        "incomeTaxExpense": 2689000000,
        "netIncome": 9672000000,
        "netIncomeRatio": 0.14873135475934185,
        "eps": 3.541756,
        "epsdiluted": 3.49,
        "weightedAverageShsOut": 2724363000,
        "weightedAverageShsOutDil": 2775300000,
        "link": "https://www.sec.gov/Archives/edgar/data/200406/000119312512075565/0001193125-12-075565-index.htm",
        "finalLink": "https://www.sec.gov/Archives/edgar/data/200406/000119312512075565/d281803d10k.htm"
    },
    {
        "date": "2011-01-02",
        "symbol": "JNJ",
        "reportedCurrency": "USD",
        "cik": "0000200406",
        "fillingDate": "2011-02-25",
        "acceptedDate": "2011-02-24 21:48:40",
        "calendarYear": "2010",
        "period": "FY",
        "revenue": 61587000000,
        "costOfRevenue": 18792000000,
        "grossProfit": 42795000000,
        "grossProfitRatio": 0.6948706707584393,
        "researchAndDevelopmentExpenses": 6844000000,
        "generalAndAdministrativeExpenses": 0,
        "sellingAndMarketingExpenses": 19424000000,
        "sellingGeneralAndAdministrativeExpenses": 19424000000,
        "otherExpenses": -420000000,
        "operatingExpenses": 25848000000,
        "costAndExpenses": 44640000000,
        "interestIncome": 107000000,
        "interestExpense": 455000000,
        "depreciationAndAmortization": 2939000000,
        "ebitda": 20341000000,
        "ebitdaratio": 0.3302807410654846,
        "operatingIncome": 16527000000,
        "operatingIncomeRatio": 0.2683520872911491,
        "totalOtherIncomeExpensesNet": 420000000,
        "incomeBeforeTax": 16947000000,
        "incomeBeforeTaxRatio": 0.2751717083150665,
        "incomeTaxExpense": 3613000000,
        "netIncome": 13334000000,
        "netIncomeRatio": 0.2165067303164629,
        "eps": 4.855342,
        "epsdiluted": 4.78,
        "weightedAverageShsOut": 2738097000,
        "weightedAverageShsOutDil": 2788800000,
        "link": "https://www.sec.gov/Archives/edgar/data/200406/000095012311018128/0000950123-11-018128-index.htm",
        "finalLink": "https://www.sec.gov/Archives/edgar/data/200406/000095012311018128/y86310ke10vk.htm"
    },
    {
        "date": "2010-01-03",
        "symbol": "JNJ",
        "reportedCurrency": "USD",
        "cik": "0000200406",
        "fillingDate": "2010-03-01",
        "acceptedDate": "2010-03-01 16:50:02",
        "calendarYear": "2009",
        "period": "FY",
        "revenue": 61897000000,
        "costOfRevenue": 18447000000,
        "grossProfit": 43450000000,
        "grossProfitRatio": 0.7019726319530833,
        "researchAndDevelopmentExpenses": 6986000000,
        "generalAndAdministrativeExpenses": 0,
        "sellingAndMarketingExpenses": 19801000000,
        "sellingGeneralAndAdministrativeExpenses": 19801000000,
        "otherExpenses": 908000000,
        "operatingExpenses": 27695000000,
        "costAndExpenses": 46142000000,
        "interestIncome": 90000000,
        "interestExpense": 451000000,
        "depreciationAndAmortization": 2774000000,
        "ebitda": 18980000000,
        "ebitdaratio": 0.3066384477438325,
        "operatingIncome": 16663000000,
        "operatingIncomeRatio": 0.2692052926636186,
        "totalOtherIncomeExpensesNet": -908000000,
        "incomeBeforeTax": 15755000000,
        "incomeBeforeTaxRatio": 0.2545357610223436,
        "incomeTaxExpense": 3489000000,
        "netIncome": 12266000000,
        "netIncomeRatio": 0.19816792413202577,
        "eps": 4.445653,
        "epsdiluted": 4.4,
        "weightedAverageShsOut": 2760000000,
        "weightedAverageShsOutDil": 2789100000,
        "link": "https://www.sec.gov/Archives/edgar/data/200406/000095012310019392/0000950123-10-019392-index.htm",
        "finalLink": "https://www.sec.gov/Archives/edgar/data/200406/000095012310019392/y80744e10vk.htm"
    },
    {
        "date": "2008-12-28",
        "symbol": "JNJ",
        "reportedCurrency": "USD",
        "cik": "0000200406",
        "fillingDate": "2009-02-20",
        "acceptedDate": "2009-02-20 16:18:45",
        "calendarYear": "2008",
        "period": "FY",
        "revenue": 63747000000,
        "costOfRevenue": 18511000000,
        "grossProfit": 45236000000,
        "grossProfitRatio": 0.7096177074999608,
        "researchAndDevelopmentExpenses": 7577000000,
        "generalAndAdministrativeExpenses": 0,
        "sellingAndMarketingExpenses": 21490000000,
        "sellingGeneralAndAdministrativeExpenses": 21490000000,
        "otherExpenses": -760000000,
        "operatingExpenses": 28307000000,
        "costAndExpenses": 46818000000,
        "interestIncome": 361000000,
        "interestExpense": 435000000,
        "depreciationAndAmortization": 2832000000,
        "ebitda": 20196000000,
        "ebitdaratio": 0.3168149089368911,
        "operatingIncome": 16169000000,
        "operatingIncomeRatio": 0.25364330870472335,
        "totalOtherIncomeExpensesNet": 760000000,
        "incomeBeforeTax": 16929000000,
        "incomeBeforeTaxRatio": 0.2655654383735705,
        "incomeTaxExpense": 3980000000,
        "netIncome": 12949000000,
        "netIncomeRatio": 0.2031311277393446,
        "eps": 4.667033,
        "epsdiluted": 4.57,
        "weightedAverageShsOut": 2811900000,
        "weightedAverageShsOutDil": 2835600000,
        "link": "https://www.sec.gov/Archives/edgar/data/200406/000095012309003187/0000950123-09-003187-index.htm",
        "finalLink": "https://www.sec.gov/Archives/edgar/data/200406/000095012309003187/y74152e10vk.htm"
    },
    {
        "date": "2007-12-30",
        "symbol": "JNJ",
        "reportedCurrency": "USD",
        "cik": "0000200406",
        "fillingDate": "2008-02-26",
        "acceptedDate": "2008-02-26 16:39:42",
        "calendarYear": "2007",
        "period": "FY",
        "revenue": 61095000000,
        "costOfRevenue": 17751000000,
        "grossProfit": 43344000000,
        "grossProfitRatio": 0.7094524920206237,
        "researchAndDevelopmentExpenses": 7680000000,
        "generalAndAdministrativeExpenses": 0,
        "sellingAndMarketingExpenses": 20451000000,
        "sellingGeneralAndAdministrativeExpenses": 20451000000,
        "otherExpenses": 1930000000,
        "operatingExpenses": 30061000000,
        "costAndExpenses": 47812000000,
        "interestIncome": 0,
        "interestExpense": 0,
        "depreciationAndAmortization": 2777000000,
        "ebitda": 16060000000,
        "ebitdaratio": 0.26286930190686636,
        "operatingIncome": 15213000000,
        "operatingIncomeRatio": 0.24900564694328506,
        "totalOtherIncomeExpensesNet": -1930000000,
        "incomeBeforeTax": 13283000000,
        "incomeBeforeTaxRatio": 0.21741550045011868,
        "incomeTaxExpense": 2707000000,
        "netIncome": 10576000000,
        "netIncomeRatio": 0.17310745560193141,
        "eps": 3.67,
        "epsdiluted": 3.63,
        "weightedAverageShsOut": 2881743869,
        "weightedAverageShsOutDil": 2913498623,
        "link": "https://www.sec.gov/Archives/edgar/data/200406/000095012308002130/0000950123-08-002130-index.htm",
        "finalLink": "https://www.sec.gov/Archives/edgar/data/200406/000095012308002130/y47910e10vk.htm"
    },
    {
        "date": "2006-12-31",
        "symbol": "JNJ",
        "reportedCurrency": "USD",
        "cik": "0000200406",
        "fillingDate": "2007-02-21",
        "acceptedDate": "2007-02-21 17:22:31",
        "calendarYear": "2006",
        "period": "FY",
        "revenue": 53324000000,
        "costOfRevenue": 15057000000,
        "grossProfit": 38267000000,
        "grossProfitRatio": 0.717631835571225,
        "researchAndDevelopmentExpenses": 7125000000,
        "generalAndAdministrativeExpenses": 0,
        "sellingAndMarketingExpenses": 0,
        "sellingGeneralAndAdministrativeExpenses": 17433000000,
        "otherExpenses": 0,
        "operatingExpenses": 24558000000,
        "costAndExpenses": 39615000000,
        "interestIncome": 0,
        "interestExpense": 0,
        "depreciationAndAmortization": 2177000000,
        "ebitda": 16764000000,
        "ebitdaratio": 0.314380016502888,
        "operatingIncome": 13709000000,
        "operatingIncomeRatio": 0.2570887405295927,
        "totalOtherIncomeExpensesNet": 878000000,
        "incomeBeforeTax": 14587000000,
        "incomeBeforeTaxRatio": 0.273554121971345,
        "incomeTaxExpense": 3534000000,
        "netIncome": 11053000000,
        "netIncomeRatio": 0.20728002400420073,
        "eps": 3.76,
        "epsdiluted": 3.73,
        "weightedAverageShsOut": 2939627660,
        "weightedAverageShsOutDil": 2963270777,
        "link": "https://www.sec.gov/Archives/edgar/data/200406/000095012307002542/0000950123-07-002542-index.html",
        "finalLink": "https://www.sec.gov/Archives/edgar/data/200406/000095012307002542/y29901e10vk.htm"
    },
    {
        "date": "2006-01-01",
        "symbol": "JNJ",
        "reportedCurrency": "USD",
        "cik": "0000200406",
        "fillingDate": "2006-01-01",
        "acceptedDate": "2005-12-31 19:00:00",
        "calendarYear": "2005",
        "period": "FY",
        "revenue": 50514000000,
        "costOfRevenue": 13954000000,
        "grossProfit": 36560000000,
        "grossProfitRatio": 0.7237597497723404,
        "researchAndDevelopmentExpenses": 6312000000,
        "generalAndAdministrativeExpenses": 16877000000,
        "sellingAndMarketingExpenses": 0,
        "sellingGeneralAndAdministrativeExpenses": 16877000000,
        "otherExpenses": -285000000,
        "operatingExpenses": 22904000000,
        "costAndExpenses": 36858000000,
        "interestIncome": 0,
        "interestExpense": 0,
        "depreciationAndAmortization": 2093000000,
        "ebitda": 15749000000,
        "ebitdaratio": 0.31177495347824363,
        "operatingIncome": 13371000000,
        "operatingIncomeRatio": 0.264698895355743,
        "totalOtherIncomeExpensesNet": 285000000,
        "incomeBeforeTax": 13656000000,
        "incomeBeforeTaxRatio": 0.2703408955933009,
        "incomeTaxExpense": 3245000000,
        "netIncome": 10411000000,
        "netIncomeRatio": 0.2061012788533872,
        "eps": 3.5,
        "epsdiluted": 3.46,
        "weightedAverageShsOut": 2974571429,
        "weightedAverageShsOutDil": 3008959538,
        "link": "",
        "finalLink": ""
    },
    {
        "date": "2005-01-02",
        "symbol": "JNJ",
        "reportedCurrency": "USD",
        "cik": "0000200406",
        "fillingDate": "2005-03-15",
        "acceptedDate": "2005-03-14 19:00:00",
        "calendarYear": "2004",
        "period": "FY",
        "revenue": 47348000000,
        "costOfRevenue": 13422000000,
        "grossProfit": 33926000000,
        "grossProfitRatio": 0.7165244572104419,
        "researchAndDevelopmentExpenses": 5203000000,
        "generalAndAdministrativeExpenses": 15860000000,
        "sellingAndMarketingExpenses": 0,
        "sellingGeneralAndAdministrativeExpenses": 15860000000,
        "otherExpenses": 25000000,
        "operatingExpenses": 21088000000,
        "costAndExpenses": 34510000000,
        "interestIncome": 0,
        "interestExpense": 0,
        "depreciationAndAmortization": 2124000000,
        "ebitda": 14962000000,
        "ebitdaratio": 0.31600067584692065,
        "operatingIncome": 12863000000,
        "operatingIncomeRatio": 0.271669341894061,
        "totalOtherIncomeExpensesNet": -25000000,
        "incomeBeforeTax": 12838000000,
        "incomeBeforeTaxRatio": 0.2711413364872856,
        "incomeTaxExpense": 4329000000,
        "netIncome": 8509000000,
        "netIncomeRatio": 0.17971192025006336,
        "eps": 2.87,
        "epsdiluted": 2.84,
        "weightedAverageShsOut": 2964808362,
        "weightedAverageShsOutDil": 2996126761,
        "link": "https://www.sec.gov/Archives/edgar/data/200406/000095012305003140/0000950123-05-003140-index.htm",
        "finalLink": "https://www.sec.gov/Archives/edgar/data/200406/000095012305003140/y06203e10vk.txt"
    },
    {
        "date": "2003-12-28",
        "symbol": "JNJ",
        "reportedCurrency": "USD",
        "cik": "0000200406",
        "fillingDate": "2003-12-28",
        "acceptedDate": "2003-12-27 19:00:00",
        "calendarYear": "2003",
        "period": "FY",
        "revenue": 41862000000,
        "costOfRevenue": 12176000000,
        "grossProfit": 29686000000,
        "grossProfitRatio": 0.7091395537719173,
        "researchAndDevelopmentExpenses": 4684000000,
        "generalAndAdministrativeExpenses": 14131000000,
        "sellingAndMarketingExpenses": 0,
        "sellingGeneralAndAdministrativeExpenses": 14131000000,
        "otherExpenses": 563000000,
        "operatingExpenses": 19378000000,
        "costAndExpenses": 31554000000,
        "interestIncome": 0,
        "interestExpense": 0,
        "depreciationAndAmortization": 1869000000,
        "ebitda": 12177000000,
        "ebitdaratio": 0.29088433424107785,
        "operatingIncome": 10871000000,
        "operatingIncomeRatio": 0.25968658926950455,
        "totalOtherIncomeExpensesNet": -563000000,
        "incomeBeforeTax": 10308000000,
        "incomeBeforeTaxRatio": 0.24623763795327505,
        "incomeTaxExpense": 3111000000,
        "netIncome": 7197000000,
        "netIncomeRatio": 0.17192202952558405,
        "eps": 2.42,
        "epsdiluted": 2.4,
        "weightedAverageShsOut": 2973966942,
        "weightedAverageShsOutDil": 2998750000,
        "link": "",
        "finalLink": ""
    },
    {
        "date": "2002-12-29",
        "symbol": "JNJ",
        "reportedCurrency": "USD",
        "cik": "0000200406",
        "fillingDate": "2002-12-29",
        "acceptedDate": "2002-12-28 19:00:00",
        "calendarYear": "2002",
        "period": "FY",
        "revenue": 36298000000,
        "costOfRevenue": 10447000000,
        "grossProfit": 25851000000,
        "grossProfitRatio": 0.7121879993388065,
        "researchAndDevelopmentExpenses": 3957000000,
        "generalAndAdministrativeExpenses": 12216000000,
        "sellingAndMarketingExpenses": 0,
        "sellingGeneralAndAdministrativeExpenses": 12216000000,
        "otherExpenses": 387000000,
        "operatingExpenses": 16560000000,
        "costAndExpenses": 27007000000,
        "interestIncome": 0,
        "interestExpense": 0,
        "depreciationAndAmortization": 1662000000,
        "ebitda": 10953000000,
        "ebitdaratio": 0.30175216265358973,
        "operatingIncome": 9678000000,
        "operatingIncomeRatio": 0.266626260400022,
        "totalOtherIncomeExpensesNet": -387000000,
        "incomeBeforeTax": 9291000000,
        "incomeBeforeTaxRatio": 0.2559645159512921,
        "incomeTaxExpense": 2694000000,
        "netIncome": 6597000000,
        "netIncomeRatio": 0.18174555071904788,
        "eps": 2.2,
        "epsdiluted": 2.16,
        "weightedAverageShsOut": 2998636364,
        "weightedAverageShsOutDil": 3054166667,
        "link": "",
        "finalLink": ""
    },
    {
        "date": "2001-12-31",
        "symbol": "JNJ",
        "reportedCurrency": "USD",
        "cik": "0000200406",
        "fillingDate": "2002-03-20",
        "acceptedDate": "2002-03-20 00:00:00",
        "calendarYear": "2001",
        "period": "FY",
        "revenue": 33004000000,
        "costOfRevenue": 9536000000,
        "grossProfit": 23468000000,
        "grossProfitRatio": 0.7110653254151011,
        "researchAndDevelopmentExpenses": 3591000000,
        "generalAndAdministrativeExpenses": 11992000000,
        "sellingAndMarketingExpenses": 0,
        "sellingGeneralAndAdministrativeExpenses": 11992000000,
        "otherExpenses": 0,
        "operatingExpenses": 15583000000,
        "costAndExpenses": 25119000000,
        "interestIncome": 0,
        "interestExpense": 0,
        "depreciationAndAmortization": 1605000000,
        "ebitda": 9503000000,
        "ebitdaratio": 0.2879347957823294,
        "operatingIncome": 7885000000,
        "operatingIncomeRatio": 0.2389104350987759,
        "totalOtherIncomeExpensesNet": 13000000,
        "incomeBeforeTax": 7898000000,
        "incomeBeforeTaxRatio": 0.23930432674827293,
        "incomeTaxExpense": 2230000000,
        "netIncome": 5668000000,
        "netIncomeRatio": 0.17173675918070536,
        "eps": 1.87,
        "epsdiluted": 1.84,
        "weightedAverageShsOut": 3031016043,
        "weightedAverageShsOutDil": 3080434783,
        "link": "https://www.sec.gov/Archives/edgar/data/200406/000095012302002712/0000950123-02-002712-index.html",
        "finalLink": "https://www.sec.gov/Archives/edgar/data/200406/000095012302002712/y58008e10-k.txt"
    },
    {
        "date": "2000-12-31",
        "symbol": "JNJ",
        "reportedCurrency": "USD",
        "cik": "0000200406",
        "fillingDate": "2000-12-31",
        "acceptedDate": "2000-12-30 19:00:00",
        "calendarYear": "2000",
        "period": "FY",
        "revenue": 29139000000,
        "costOfRevenue": 7346000000,
        "grossProfit": 21793000000,
        "grossProfitRatio": 0.7478980061086516,
        "researchAndDevelopmentExpenses": 2926000000,
        "generalAndAdministrativeExpenses": 10875000000,
        "sellingAndMarketingExpenses": 0,
        "sellingGeneralAndAdministrativeExpenses": 10875000000,
        "otherExpenses": 1515000000,
        "operatingExpenses": 15316000000,
        "costAndExpenses": 22662000000,
        "interestIncome": 0,
        "interestExpense": 0,
        "depreciationAndAmortization": 1515000000,
        "ebitda": 8137000000,
        "ebitdaratio": 0.2792477435739044,
        "operatingIncome": 6477000000,
        "operatingIncomeRatio": 0.22227941933491197,
        "totalOtherIncomeExpensesNet": 145000000,
        "incomeBeforeTax": 6622000000,
        "incomeBeforeTaxRatio": 0.22725556813892034,
        "incomeTaxExpense": 1822000000,
        "netIncome": 4800000000,
        "netIncomeRatio": 0.1647276845464841,
        "eps": 1.725,
        "epsdiluted": 1.7,
        "weightedAverageShsOut": 2782608696,
        "weightedAverageShsOutDil": 2823529412,
        "link": "",
        "finalLink": ""
    },
    {
        "date": "2000-01-02",
        "symbol": "JNJ",
        "reportedCurrency": "USD",
        "cik": "0000200406",
        "fillingDate": "2000-01-02",
        "acceptedDate": "2000-01-01 19:00:00",
        "calendarYear": "1999",
        "period": "FY",
        "revenue": 27471000000,
        "costOfRevenue": 8442000000,
        "grossProfit": 19029000000,
        "grossProfitRatio": 0.6926941137927268,
        "researchAndDevelopmentExpenses": 2600000000,
        "generalAndAdministrativeExpenses": 10503000000,
        "sellingAndMarketingExpenses": 0,
        "sellingGeneralAndAdministrativeExpenses": 10503000000,
        "otherExpenses": 173000000,
        "operatingExpenses": 13276000000,
        "costAndExpenses": 21718000000,
        "interestIncome": 0,
        "interestExpense": 0,
        "depreciationAndAmortization": 1444000000,
        "ebitda": 7197000000,
        "ebitdaratio": 0.2619853663863711,
        "operatingIncome": 5926000000,
        "operatingIncomeRatio": 0.2157183939427032,
        "totalOtherIncomeExpensesNet": -173000000,
        "incomeBeforeTax": 5753000000,
        "incomeBeforeTaxRatio": 0.2094208437989152,
        "incomeTaxExpense": 1586000000,
        "netIncome": 4167000000,
        "netIncomeRatio": 0.15168723381019986,
        "eps": 1.5,
        "epsdiluted": 1.47,
        "weightedAverageShsOut": 2778000000,
        "weightedAverageShsOutDil": 2834693878,
        "link": "",
        "finalLink": ""
    },
    {
        "date": "1999-01-03",
        "symbol": "JNJ",
        "reportedCurrency": "USD",
        "cik": "0000200406",
        "fillingDate": "1999-04-01",
        "acceptedDate": "1999-04-01 00:00:00",
        "calendarYear": "1998",
        "period": "FY",
        "revenue": 23657000000,
        "costOfRevenue": 7496000000,
        "grossProfit": 16161000000,
        "grossProfitRatio": 0.6831381832015894,
        "researchAndDevelopmentExpenses": 2269000000,
        "generalAndAdministrativeExpenses": 8907000000,
        "sellingAndMarketingExpenses": 0,
        "sellingGeneralAndAdministrativeExpenses": 8907000000,
        "otherExpenses": 716000000,
        "operatingExpenses": 11892000000,
        "costAndExpenses": 19388000000,
        "interestIncome": 0,
        "interestExpense": 0,
        "depreciationAndAmortization": 1246000000,
        "ebitda": 5515000000,
        "ebitdaratio": 0.23312338842625863,
        "operatingIncome": 5045000000,
        "operatingIncomeRatio": 0.21325611869636893,
        "totalOtherIncomeExpensesNet": -776000000,
        "incomeBeforeTax": 4269000000,
        "incomeBeforeTaxRatio": 0.1804539882487213,
        "incomeTaxExpense": 1210000000,
        "netIncome": 3059000000,
        "netIncomeRatio": 0.12930633639092023,
        "eps": 1.135,
        "epsdiluted": 1.115,
        "weightedAverageShsOut": 2695154185,
        "weightedAverageShsOutDil": 2743497758,
        "link": "https://www.sec.gov/Archives/edgar/data/200406/000095012399002942/0000950123-99-002942-index.html",
        "finalLink": "https://www.sec.gov/Archives/edgar/data/200406/0000950123-99-002942.txt"
    },
    {
        "date": "1997-12-28",
        "symbol": "JNJ",
        "reportedCurrency": "USD",
        "cik": "0000200406",
        "fillingDate": "1997-12-28",
        "acceptedDate": "1997-12-27 19:00:00",
        "calendarYear": "1997",
        "period": "FY",
        "revenue": 22629000000,
        "costOfRevenue": 7152000000,
        "grossProfit": 15477000000,
        "grossProfitRatio": 0.6839453798223518,
        "researchAndDevelopmentExpenses": 2140000000,
        "generalAndAdministrativeExpenses": 8715000000,
        "sellingAndMarketingExpenses": 0,
        "sellingGeneralAndAdministrativeExpenses": 8715000000,
        "otherExpenses": 46000000,
        "operatingExpenses": 10901000000,
        "costAndExpenses": 18053000000,
        "interestIncome": 0,
        "interestExpense": 0,
        "depreciationAndAmortization": 1067000000,
        "ebitda": 5643000000,
        "ebitdaratio": 0.24937027707808565,
        "operatingIncome": 4622000000,
        "operatingIncomeRatio": 0.2042511821114499,
        "totalOtherIncomeExpensesNet": -46000000,
        "incomeBeforeTax": 4576000000,
        "incomeBeforeTaxRatio": 0.20221839232842811,
        "incomeTaxExpense": 1273000000,
        "netIncome": 3303000000,
        "netIncomeRatio": 0.14596314463741217,
        "eps": 1.235,
        "epsdiluted": 1.205,
        "weightedAverageShsOut": 2674493927,
        "weightedAverageShsOutDil": 2741078838,
        "link": "",
        "finalLink": ""
    },
    {
        "date": "1996-12-29",
        "symbol": "JNJ",
        "reportedCurrency": "USD",
        "cik": "0000200406",
        "fillingDate": "1996-12-29",
        "acceptedDate": "1996-12-28 19:00:00",
        "calendarYear": "1996",
        "period": "FY",
        "revenue": 21620000000,
        "costOfRevenue": 7018000000,
        "grossProfit": 14602000000,
        "grossProfitRatio": 0.6753931544865865,
        "researchAndDevelopmentExpenses": 1905000000,
        "generalAndAdministrativeExpenses": 8394000000,
        "sellingAndMarketingExpenses": 0,
        "sellingGeneralAndAdministrativeExpenses": 10299000000,
        "otherExpenses": -1635000000,
        "operatingExpenses": 10569000000,
        "costAndExpenses": 17587000000,
        "interestIncome": 0,
        "interestExpense": 0,
        "depreciationAndAmortization": 1009000000,
        "ebitda": 5042000000,
        "ebitdaratio": 0.2332099907493062,
        "operatingIncome": 4303000000,
        "operatingIncomeRatio": 0.19902867715078632,
        "totalOtherIncomeExpensesNet": -270000000,
        "incomeBeforeTax": 4033000000,
        "incomeBeforeTaxRatio": 0.18654024051803886,
        "incomeTaxExpense": 1146000000,
        "netIncome": 2887000000,
        "netIncomeRatio": 0.13353376503237743,
        "eps": 1.085,
        "epsdiluted": 1.085,
        "weightedAverageShsOut": 2660829493,
        "weightedAverageShsOutDil": 2726315789,
        "link": "",
        "finalLink": ""
    },
    {
        "date": "1995-12-31",
        "symbol": "JNJ",
        "reportedCurrency": "USD",
        "cik": "0000200406",
        "fillingDate": "1995-12-31",
        "acceptedDate": "1995-12-30 19:00:00",
        "calendarYear": "1995",
        "period": "FY",
        "revenue": 18842000000,
        "costOfRevenue": 5378000000,
        "grossProfit": 13464000000,
        "grossProfitRatio": 0.7145738244347734,
        "researchAndDevelopmentExpenses": 0,
        "generalAndAdministrativeExpenses": 9096000000,
        "sellingAndMarketingExpenses": 0,
        "sellingGeneralAndAdministrativeExpenses": 9096000000,
        "otherExpenses": 857000000,
        "operatingExpenses": 9953000000,
        "costAndExpenses": 15331000000,
        "interestIncome": 0,
        "interestExpense": 0,
        "depreciationAndAmortization": 857000000,
        "ebitda": 4174000000,
        "ebitdaratio": 0.22152637724233096,
        "operatingIncome": 3511000000,
        "operatingIncomeRatio": 0.18633902982698228,
        "totalOtherIncomeExpensesNet": -194000000,
        "incomeBeforeTax": 3317000000,
        "incomeBeforeTaxRatio": 0.17604288292113363,
        "incomeTaxExpense": 914000000,
        "netIncome": 2403000000,
        "netIncomeRatio": 0.12753423203481584,
        "eps": 0.93,
        "epsdiluted": 0.93,
        "weightedAverageShsOut": 2583870968,
        "weightedAverageShsOutDil": 2584000000,
        "link": "",
        "finalLink": ""
    },
    {
        "date": "1995-01-01",
        "symbol": "JNJ",
        "reportedCurrency": "USD",
        "cik": "0000200406",
        "fillingDate": "1995-01-01",
        "acceptedDate": "1994-12-31 19:00:00",
        "calendarYear": "1994",
        "period": "FY",
        "revenue": 15734000000,
        "costOfRevenue": 5299000000,
        "grossProfit": 10435000000,
        "grossProfitRatio": 0.6632134231600356,
        "researchAndDevelopmentExpenses": 1278000000,
        "generalAndAdministrativeExpenses": 6350000000,
        "sellingAndMarketingExpenses": 0,
        "sellingGeneralAndAdministrativeExpenses": 6350000000,
        "otherExpenses": 126000000,
        "operatingExpenses": 7754000000,
        "costAndExpenses": 13053000000,
        "interestIncome": 0,
        "interestExpense": 0,
        "depreciationAndAmortization": 724000000,
        "ebitda": 3405000000,
        "ebitdaratio": 0.21641032159654253,
        "operatingIncome": 2807000000,
        "operatingIncomeRatio": 0.17840345748061523,
        "totalOtherIncomeExpensesNet": -126000000,
        "incomeBeforeTax": 2681000000,
        "incomeBeforeTaxRatio": 0.17039532223210882,
        "incomeTaxExpense": 675000000,
        "netIncome": 2006000000,
        "netIncomeRatio": 0.1274945976865387,
        "eps": 0.78,
        "epsdiluted": 0.78,
        "weightedAverageShsOut": 2571794872,
        "weightedAverageShsOutDil": 2606000000,
        "link": "",
        "finalLink": ""
    },
    {
        "date": "1993-12-31",
        "symbol": "JNJ",
        "reportedCurrency": "USD",
        "cik": "0000200406",
        "fillingDate": "1993-12-31",
        "acceptedDate": "1993-12-30 19:00:00",
        "calendarYear": "1993",
        "period": "FY",
        "revenue": 14138000000,
        "costOfRevenue": 4174000000,
        "grossProfit": 9964000000,
        "grossProfitRatio": 0.7047672938180789,
        "researchAndDevelopmentExpenses": 0,
        "generalAndAdministrativeExpenses": 0,
        "sellingAndMarketingExpenses": 0,
        "sellingGeneralAndAdministrativeExpenses": 6953000000,
        "otherExpenses": 617000000,
        "operatingExpenses": 7570000000,
        "costAndExpenses": 11744000000,
        "interestIncome": 0,
        "interestExpense": 0,
        "depreciationAndAmortization": 617000000,
        "ebitda": 2949000000,
        "ebitdaratio": 0.20858678738152497,
        "operatingIncome": 2394000000,
        "operatingIncomeRatio": 0.16933088131277407,
        "totalOtherIncomeExpensesNet": -62000000,
        "incomeBeforeTax": 2332000000,
        "incomeBeforeTaxRatio": 0.16494553685103974,
        "incomeTaxExpense": 545000000,
        "netIncome": 1787000000,
        "netIncomeRatio": 0.12639694440514923,
        "eps": 0.685,
        "epsdiluted": 0.68,
        "weightedAverageShsOut": 2608759124,
        "weightedAverageShsOutDil": 2627941176,
        "link": "",
        "finalLink": ""
    },
    {
        "date": "1992-12-31",
        "symbol": "JNJ",
        "reportedCurrency": "USD",
        "cik": "0000200406",
        "fillingDate": "1992-12-31",
        "acceptedDate": "1992-12-30 19:00:00",
        "calendarYear": "1992",
        "period": "FY",
        "revenue": 13753000000,
        "costOfRevenue": 4118000000,
        "grossProfit": 9635000000,
        "grossProfitRatio": 0.7005744201265178,
        "researchAndDevelopmentExpenses": 0,
        "generalAndAdministrativeExpenses": 0,
        "sellingAndMarketingExpenses": 0,
        "sellingGeneralAndAdministrativeExpenses": 6798000000,
        "otherExpenses": 560000000,
        "operatingExpenses": 7358000000,
        "costAndExpenses": 11476000000,
        "interestIncome": 0,
        "interestExpense": 0,
        "depreciationAndAmortization": 560000000,
        "ebitda": 2172000000,
        "ebitdaratio": 0.15792917908819895,
        "operatingIncome": 2277000000,
        "operatingIncomeRatio": 0.16556387697229696,
        "totalOtherIncomeExpensesNet": -70000000,
        "incomeBeforeTax": 2207000000,
        "incomeBeforeTaxRatio": 0.1604740783828983,
        "incomeTaxExpense": 582000000,
        "netIncome": 1030000000,
        "netIncomeRatio": 0.07489275067258053,
        "eps": 0.165,
        "epsdiluted": 0.16,
        "weightedAverageShsOut": 2627184466,
        "weightedAverageShsOutDil": 2627184466,
        "link": "",
        "finalLink": ""
    },
    {
        "date": "1991-12-31",
        "symbol": "JNJ",
        "reportedCurrency": "USD",
        "cik": "0000200406",
        "fillingDate": "1991-12-31",
        "acceptedDate": "1991-12-30 19:00:00",
        "calendarYear": "1991",
        "period": "FY",
        "revenue": 12447000000,
        "costOfRevenue": 3711000000,
        "grossProfit": 8736000000,
        "grossProfitRatio": 0.7018558688840685,
        "researchAndDevelopmentExpenses": 0,
        "generalAndAdministrativeExpenses": 0,
        "sellingAndMarketingExpenses": 0,
        "sellingGeneralAndAdministrativeExpenses": 6079000000,
        "otherExpenses": 493000000,
        "operatingExpenses": 6572000000,
        "costAndExpenses": 10283000000,
        "interestIncome": 0,
        "interestExpense": 0,
        "depreciationAndAmortization": 493000000,
        "ebitda": 2531000000,
        "ebitdaratio": 0.20334217080420985,
        "operatingIncome": 2164000000,
        "operatingIncomeRatio": 0.17385715433437776,
        "totalOtherIncomeExpensesNet": -126000000,
        "incomeBeforeTax": 2038000000,
        "incomeBeforeTaxRatio": 0.16373423314854985,
        "incomeTaxExpense": 577000000,
        "netIncome": 1461000000,
        "netIncomeRatio": 0.11737768136900457,
        "eps": 0.55,
        "epsdiluted": 0.54,
        "weightedAverageShsOut": 2656363636,
        "weightedAverageShsOutDil": 2705555556,
        "link": "",
        "finalLink": ""
    },
    {
        "date": "1990-12-31",
        "symbol": "JNJ",
        "reportedCurrency": "USD",
        "cik": "0000200406",
        "fillingDate": "1990-12-31",
        "acceptedDate": "1990-12-30 19:00:00",
        "calendarYear": "1990",
        "period": "FY",
        "revenue": 11232000000,
        "costOfRevenue": 3463000000,
        "grossProfit": 7769000000,
        "grossProfitRatio": 0.6916844729344729,
        "researchAndDevelopmentExpenses": 0,
        "generalAndAdministrativeExpenses": 0,
        "sellingAndMarketingExpenses": 0,
        "sellingGeneralAndAdministrativeExpenses": 5303000000,
        "otherExpenses": 474000000,
        "operatingExpenses": 5777000000,
        "costAndExpenses": 9240000000,
        "interestIncome": 0,
        "interestExpense": 0,
        "depreciationAndAmortization": 474000000,
        "ebitda": 2097000000,
        "ebitdaratio": 0.18669871794871795,
        "operatingIncome": 1992000000,
        "operatingIncomeRatio": 0.17735042735042736,
        "totalOtherIncomeExpensesNet": -369000000,
        "incomeBeforeTax": 1623000000,
        "incomeBeforeTaxRatio": 0.14449786324786323,
        "incomeTaxExpense": 480000000,
        "netIncome": 1143000000,
        "netIncomeRatio": 0.10176282051282051,
        "eps": 0.43,
        "epsdiluted": 0.425,
        "weightedAverageShsOut": 2658139535,
        "weightedAverageShsOutDil": 2689411765,
        "link": "",
        "finalLink": ""
    },
    {
        "date": "1989-12-31",
        "symbol": "JNJ",
        "reportedCurrency": "USD",
        "cik": "0000200406",
        "fillingDate": "1989-12-31",
        "acceptedDate": "1989-12-30 19:00:00",
        "calendarYear": "1989",
        "period": "FY",
        "revenue": 9757000000,
        "costOfRevenue": 3066000000,
        "grossProfit": 6691000000,
        "grossProfitRatio": 0.6857640668238189,
        "researchAndDevelopmentExpenses": 0,
        "generalAndAdministrativeExpenses": 0,
        "sellingAndMarketingExpenses": 0,
        "sellingGeneralAndAdministrativeExpenses": 4616000000,
        "otherExpenses": 414000000,
        "operatingExpenses": 5030000000,
        "costAndExpenses": 8096000000,
        "interestIncome": 0,
        "interestExpense": 0,
        "depreciationAndAmortization": 414000000,
        "ebitda": 1928000000,
        "ebitdaratio": 0.19760172184072974,
        "operatingIncome": 1661000000,
        "operatingIncomeRatio": 0.17023675310033823,
        "totalOtherIncomeExpensesNet": -147000000,
        "incomeBeforeTax": 1514000000,
        "incomeBeforeTaxRatio": 0.15517064671517886,
        "incomeTaxExpense": 432000000,
        "netIncome": 1082000000,
        "netIncomeRatio": 0.11089474223634314,
        "eps": 0.405,
        "epsdiluted": 0.4,
        "weightedAverageShsOut": 2671604938,
        "weightedAverageShsOutDil": 2705000000,
        "link": "",
        "finalLink": ""
    },
    {
        "date": "1988-12-31",
        "symbol": "JNJ",
        "reportedCurrency": "USD",
        "cik": "0000200406",
        "fillingDate": "1988-12-31",
        "acceptedDate": "1988-12-30 19:00:00",
        "calendarYear": "1988",
        "period": "FY",
        "revenue": 9000000000,
        "costOfRevenue": 2901000000,
        "grossProfit": 6099000000,
        "grossProfitRatio": 0.6776666666666666,
        "researchAndDevelopmentExpenses": 0,
        "generalAndAdministrativeExpenses": 0,
        "sellingAndMarketingExpenses": 0,
        "sellingGeneralAndAdministrativeExpenses": 4304000000,
        "otherExpenses": 391000000,
        "operatingExpenses": 4695000000,
        "costAndExpenses": 7596000000,
        "interestIncome": 0,
        "interestExpense": 0,
        "depreciationAndAmortization": 391000000,
        "ebitda": 1787000000,
        "ebitdaratio": 0.19855555555555557,
        "operatingIncome": 1404000000,
        "operatingIncomeRatio": 0.156,
        "totalOtherIncomeExpensesNet": -8000000,
        "incomeBeforeTax": 1396000000,
        "incomeBeforeTaxRatio": 0.15511111111111112,
        "incomeTaxExpense": 422000000,
        "netIncome": 974000000,
        "netIncomeRatio": 0.10822222222222222,
        "eps": 0.355,
        "epsdiluted": 0.35,
        "weightedAverageShsOut": 2743661972,
        "weightedAverageShsOutDil": 2782857143,
        "link": "",
        "finalLink": ""
    },
    {
        "date": "1987-12-31",
        "symbol": "JNJ",
        "reportedCurrency": "USD",
        "cik": "0000200406",
        "fillingDate": "1987-12-31",
        "acceptedDate": "1987-12-30 19:00:00",
        "calendarYear": "1987",
        "period": "FY",
        "revenue": 8012000000,
        "costOfRevenue": 2602000000,
        "grossProfit": 5410000000,
        "grossProfitRatio": 0.6752371442835746,
        "researchAndDevelopmentExpenses": 0,
        "generalAndAdministrativeExpenses": 0,
        "sellingAndMarketingExpenses": 0,
        "sellingGeneralAndAdministrativeExpenses": 3845000000,
        "otherExpenses": 356000000,
        "operatingExpenses": 4201000000,
        "costAndExpenses": 6803000000,
        "interestIncome": 0,
        "interestExpense": 0,
        "depreciationAndAmortization": 356000000,
        "ebitda": 1549000000,
        "ebitdaratio": 0.1933349975037444,
        "operatingIncome": 1209000000,
        "operatingIncomeRatio": 0.15089865202196706,
        "totalOtherIncomeExpensesNet": -16000000,
        "incomeBeforeTax": 1193000000,
        "incomeBeforeTaxRatio": 0.14890164752870694,
        "incomeTaxExpense": 360000000,
        "netIncome": 833000000,
        "netIncomeRatio": 0.10396904643035447,
        "eps": 0.305,
        "epsdiluted": 0.305,
        "weightedAverageShsOut": 2731147541,
        "weightedAverageShsOutDil": 2731147541,
        "link": "",
        "finalLink": ""
    },
    {
        "date": "1986-12-31",
        "symbol": "JNJ",
        "reportedCurrency": "USD",
        "cik": "0000200406",
        "fillingDate": "1986-12-31",
        "acceptedDate": "1986-12-30 19:00:00",
        "calendarYear": "1986",
        "period": "FY",
        "revenue": 7002900000,
        "costOfRevenue": 2354900000,
        "grossProfit": 4648000000,
        "grossProfitRatio": 0.6637250282026018,
        "researchAndDevelopmentExpenses": 0,
        "generalAndAdministrativeExpenses": 0,
        "sellingAndMarketingExpenses": 0,
        "sellingGeneralAndAdministrativeExpenses": 3389200000,
        "otherExpenses": 275200000,
        "operatingExpenses": 3664400000,
        "costAndExpenses": 6019300000,
        "interestIncome": 0,
        "interestExpense": 0,
        "depreciationAndAmortization": 275200000,
        "ebitda": 666000000,
        "ebitdaratio": 0.0951034571391852,
        "operatingIncome": 983600000,
        "operatingIncomeRatio": 0.14045609675991375,
        "totalOtherIncomeExpensesNet": -592800000,
        "incomeBeforeTax": 390800000,
        "incomeBeforeTaxRatio": 0.05580545202701738,
        "incomeTaxExpense": 61300000,
        "netIncome": 329500000,
        "netIncomeRatio": 0.04705193562666895,
        "eps": 0.12,
        "epsdiluted": 0.12,
        "weightedAverageShsOut": 2745833333,
        "weightedAverageShsOutDil": 2745833333,
        "link": "",
        "finalLink": ""
    },
    {
        "date": "1985-12-31",
        "symbol": "JNJ",
        "reportedCurrency": "USD",
        "cik": "0000200406",
        "fillingDate": "1985-12-31",
        "acceptedDate": "1985-12-30 19:00:00",
        "calendarYear": "1985",
        "period": "FY",
        "revenue": 6421300000,
        "costOfRevenue": 2343700000,
        "grossProfit": 4077600000,
        "grossProfitRatio": 0.6350116020120536,
        "researchAndDevelopmentExpenses": 0,
        "generalAndAdministrativeExpenses": 0,
        "sellingAndMarketingExpenses": 0,
        "sellingGeneralAndAdministrativeExpenses": 2987100000,
        "otherExpenses": 250500000,
        "operatingExpenses": 3237600000,
        "costAndExpenses": 5581300000,
        "interestIncome": 0,
        "interestExpense": 0,
        "depreciationAndAmortization": 250500000,
        "ebitda": 1149700000,
        "ebitdaratio": 0.17904474171896656,
        "operatingIncome": 840000000,
        "operatingIncomeRatio": 0.13081463255104106,
        "totalOtherIncomeExpensesNet": 59200000,
        "incomeBeforeTax": 899200000,
        "incomeBeforeTaxRatio": 0.1400339495117811,
        "incomeTaxExpense": 285500000,
        "netIncome": 613700000,
        "netIncomeRatio": 0.09557254761496893,
        "eps": 0.21,
        "epsdiluted": 0.21,
        "weightedAverageShsOut": 2922380952,
        "weightedAverageShsOutDil": 2922380952,
        "link": "",
        "finalLink": ""
    }
]