[
    {
        "date": "2021-12-25",
        "symbol": "KHC",
        "reportedCurrency": "USD",
        "cik": "0001637459",
        "fillingDate": "2022-02-17",
        "acceptedDate": "2022-02-15 19:00:00",
        "calendarYear": "2021",
        "period": "FY",
        "revenue": 26042000000,
        "costOfRevenue": 17360000000,
        "grossProfit": 8682000000,
        "grossProfitRatio": 0.33338453267798174,
        "researchAndDevelopmentExpenses": 0,
        "generalAndAdministrativeExpenses": 0,
        "sellingAndMarketingExpenses": 0,
        "sellingGeneralAndAdministrativeExpenses": 3588000000,
        "otherExpenses": 0,
        "operatingExpenses": 3588000000,
        "costAndExpenses": 20948000000,
        "interestIncome": 15000000,
        "interestExpense": 2047000000,
        "depreciationAndAmortization": 910000000,
        "ebitda": 4653000000,
        "ebitdaratio": 0.17867291298671378,
        "operatingIncome": 3460000000,
        "operatingIncomeRatio": 0.13286229936256816,
        "totalOtherIncomeExpensesNet": -1752000000,
        "incomeBeforeTax": 1708000000,
        "incomeBeforeTaxRatio": 0.06558636049458567,
        "incomeTaxExpense": 684000000,
        "netIncome": 1012000000,
        "netIncomeRatio": 0.03886030258812687,
        "eps": 0.83,
        "epsdiluted": 0.82,
        "weightedAverageShsOut": 1224000000,
        "weightedAverageShsOutDil": 1236000000,
        "link": "https://www.sec.gov/Archives/edgar/data/1637459/000163745922000018/0001637459-22-000018-index.htm",
        "finalLink": "https://www.sec.gov/Archives/edgar/data/1637459/000163745922000018/khc-20211225.htm"
    },
    {
        "date": "2020-12-26",
        "symbol": "KHC",
        "reportedCurrency": "USD",
        "cik": "0001637459",
        "fillingDate": "2021-02-17",
        "acceptedDate": "2021-02-17 07:32:36",
        "calendarYear": "2020",
        "period": "FY",
        "revenue": 26185000000,
        "costOfRevenue": 17008000000,
        "grossProfit": 9177000000,
        "grossProfitRatio": 0.3504678250907008,
        "researchAndDevelopmentExpenses": 0,
        "generalAndAdministrativeExpenses": 3449000000,
        "sellingAndMarketingExpenses": 0,
        "sellingGeneralAndAdministrativeExpenses": 3449000000,
        "otherExpenses": 201000000,
        "operatingExpenses": 3650000000,
        "costAndExpenses": 20658000000,
        "interestIncome": 27000000,
        "interestExpense": 1394000000,
        "depreciationAndAmortization": 969000000,
        "ebitda": 3388000000,
        "ebitdaratio": 0.12938705365667366,
        "operatingIncome": 2128000000,
        "operatingIncomeRatio": 0.08126790147030742,
        "totalOtherIncomeExpensesNet": -1098000000,
        "incomeBeforeTax": 1030000000,
        "incomeBeforeTaxRatio": 0.039335497422188274,
        "incomeTaxExpense": 669000000,
        "netIncome": 356000000,
        "netIncomeRatio": 0.013595569982814588,
        "eps": 0.29,
        "epsdiluted": 0.29,
        "weightedAverageShsOut": 1223000000,
        "weightedAverageShsOutDil": 1228000000,
        "link": "https://www.sec.gov/Archives/edgar/data/1637459/000163745921000009/0001637459-21-000009-index.htm",
        "finalLink": "https://www.sec.gov/Archives/edgar/data/1637459/000163745921000009/khc-20201226.htm"
    },
    {
        "date": "2019-12-28",
        "symbol": "KHC",
        "reportedCurrency": "USD",
        "cik": "0001637459",
        "fillingDate": "2020-02-14",
        "acceptedDate": "2020-02-14 17:13:43",
        "calendarYear": "2019",
        "period": "FY",
        "revenue": 24977000000,
        "costOfRevenue": 16782000000,
        "grossProfit": 8195000000,
        "grossProfitRatio": 0.32810185370540895,
        "researchAndDevelopmentExpenses": 0,
        "generalAndAdministrativeExpenses": 3105000000,
        "sellingAndMarketingExpenses": 0,
        "sellingGeneralAndAdministrativeExpenses": 3105000000,
        "otherExpenses": 2026000000,
        "operatingExpenses": 5131000000,
        "costAndExpenses": 21913000000,
        "interestIncome": 0,
        "interestExpense": 1361000000,
        "depreciationAndAmortization": 994000000,
        "ebitda": 5018000000,
        "ebitdaratio": 0.2009048324458502,
        "operatingIncome": 3070000000,
        "operatingIncomeRatio": 0.12291308003363094,
        "totalOtherIncomeExpensesNet": -409000000,
        "incomeBeforeTax": 2661000000,
        "incomeBeforeTaxRatio": 0.10653801497377588,
        "incomeTaxExpense": 728000000,
        "netIncome": 1935000000,
        "netIncomeRatio": 0.07747127357168596,
        "eps": 1.59,
        "epsdiluted": 1.58,
        "weightedAverageShsOut": 1221000000,
        "weightedAverageShsOutDil": 1224000000,
        "link": "https://www.sec.gov/Archives/edgar/data/1637459/000163745920000027/0001637459-20-000027-index.html",
        "finalLink": "https://www.sec.gov/Archives/edgar/data/1637459/000163745920000027/form10-k2019.htm"
    },
    {
        "date": "2018-12-29",
        "symbol": "KHC",
        "reportedCurrency": "USD",
        "cik": "0001637459",
        "fillingDate": "2019-06-07",
        "acceptedDate": "2019-06-07 17:07:36",
        "calendarYear": "2018",
        "period": "FY",
        "revenue": 26268000000,
        "costOfRevenue": 17149000000,
        "grossProfit": 9119000000,
        "grossProfitRatio": 0.3471524288107203,
        "researchAndDevelopmentExpenses": 0,
        "generalAndAdministrativeExpenses": 3068000000,
        "sellingAndMarketingExpenses": 0,
        "sellingGeneralAndAdministrativeExpenses": 3068000000,
        "otherExpenses": 16419000000,
        "operatingExpenses": 19487000000,
        "costAndExpenses": 36636000000,
        "interestIncome": 0,
        "interestExpense": 1284000000,
        "depreciationAndAmortization": 983000000,
        "ebitda": -8992000000,
        "ebitdaratio": -0.3423176488503122,
        "operatingIncome": -10368000000,
        "operatingIncomeRatio": -0.3947007766103243,
        "totalOtherIncomeExpensesNet": -953000000,
        "incomeBeforeTax": -11321000000,
        "incomeBeforeTaxRatio": -0.43098066088015835,
        "incomeTaxExpense": -1067000000,
        "netIncome": -10192000000,
        "netIncomeRatio": -0.38800060910613676,
        "eps": -8.39,
        "epsdiluted": -8.39,
        "weightedAverageShsOut": 1219000000,
        "weightedAverageShsOutDil": 1219000000,
        "link": "https://www.sec.gov/Archives/edgar/data/1637459/000163745919000049/form10-k2018.htm",
        "finalLink": "https://www.sec.gov/Archives/edgar/data/1637459/000163745919000049/form10-k2018.htm"
    },
    {
        "date": "2017-12-30",
        "symbol": "KHC",
        "reportedCurrency": "USD",
        "cik": "0001637459",
        "fillingDate": "2018-02-16",
        "acceptedDate": "2018-02-16 12:39:26",
        "calendarYear": "2017",
        "period": "FY",
        "revenue": 26076000000,
        "costOfRevenue": 16579000000,
        "grossProfit": 9497000000,
        "grossProfitRatio": 0.36420463261236385,
        "researchAndDevelopmentExpenses": 0,
        "generalAndAdministrativeExpenses": 2808000000,
        "sellingAndMarketingExpenses": 0,
        "sellingGeneralAndAdministrativeExpenses": 2808000000,
        "otherExpenses": 483000000,
        "operatingExpenses": 3291000000,
        "costAndExpenses": 19870000000,
        "interestIncome": 0,
        "interestExpense": 1234000000,
        "depreciationAndAmortization": 1036000000,
        "ebitda": 7751000000,
        "ebitdaratio": 0.29724651020095105,
        "operatingIncome": 6773000000,
        "operatingIncomeRatio": 0.2597407577849363,
        "totalOtherIncomeExpensesNet": -1323000000,
        "incomeBeforeTax": 5450000000,
        "incomeBeforeTaxRatio": 0.2090044485350514,
        "incomeTaxExpense": -5460000000,
        "netIncome": 10941000000,
        "netIncomeRatio": 0.41958122411412796,
        "eps": 9.03,
        "epsdiluted": 8.95,
        "weightedAverageShsOut": 1218050941,
        "weightedAverageShsOutDil": 1228938547,
        "link": "https://www.sec.gov/Archives/edgar/data/1637459/000163745918000015/0001637459-18-000015-index.html",
        "finalLink": "https://www.sec.gov/Archives/edgar/data/1637459/000163745918000015/form10-k2017.htm"
    },
    {
        "date": "2016-12-31",
        "symbol": "KHC",
        "reportedCurrency": "USD",
        "cik": "0001637459",
        "fillingDate": "2017-02-23",
        "acceptedDate": "2017-02-23 13:32:18",
        "calendarYear": "2016",
        "period": "FY",
        "revenue": 26487000000,
        "costOfRevenue": 16901000000,
        "grossProfit": 9586000000,
        "grossProfitRatio": 0.36191339147506324,
        "researchAndDevelopmentExpenses": 0,
        "generalAndAdministrativeExpenses": 3444000000,
        "sellingAndMarketingExpenses": 0,
        "sellingGeneralAndAdministrativeExpenses": 3444000000,
        "otherExpenses": 0,
        "operatingExpenses": 3444000000,
        "costAndExpenses": 20345000000,
        "interestIncome": 0,
        "interestExpense": 1134000000,
        "depreciationAndAmortization": 1337000000,
        "ebitda": 7484000000,
        "ebitdaratio": 0.28255370559142223,
        "operatingIncome": 6142000000,
        "operatingIncomeRatio": 0.23188734095971608,
        "totalOtherIncomeExpensesNet": -1119000000,
        "incomeBeforeTax": 5023000000,
        "incomeBeforeTaxRatio": 0.18964020085324876,
        "incomeTaxExpense": 1381000000,
        "netIncome": 3632000000,
        "netIncomeRatio": 0.1371238720881942,
        "eps": 2.84,
        "epsdiluted": 2.81,
        "weightedAverageShsOut": 1217000000,
        "weightedAverageShsOutDil": 1226000000,
        "link": "https://www.sec.gov/Archives/edgar/data/1637459/000163745917000007/0001637459-17-000007-index.html",
        "finalLink": "https://www.sec.gov/Archives/edgar/data/1637459/000163745917000007/khc201610k.htm"
    },
    {
        "date": "2016-01-03",
        "symbol": "KHC",
        "reportedCurrency": "USD",
        "cik": "0001637459",
        "fillingDate": "2016-03-03",
        "acceptedDate": "2016-03-03 12:53:54",
        "calendarYear": "2015",
        "period": "FY",
        "revenue": 18338000000,
        "costOfRevenue": 12577000000,
        "grossProfit": 5761000000,
        "grossProfitRatio": 0.31415639655360456,
        "researchAndDevelopmentExpenses": 0,
        "generalAndAdministrativeExpenses": 3122000000,
        "sellingAndMarketingExpenses": 0,
        "sellingGeneralAndAdministrativeExpenses": 3122000000,
        "otherExpenses": 0,
        "operatingExpenses": 3122000000,
        "costAndExpenses": 15699000000,
        "interestIncome": 0,
        "interestExpense": 1321000000,
        "depreciationAndAmortization": 740000000,
        "ebitda": 3061000000,
        "ebitdaratio": 0.16692114734431235,
        "operatingIncome": 2639000000,
        "operatingIncomeRatio": 0.1439088232086378,
        "totalOtherIncomeExpensesNet": -1626000000,
        "incomeBeforeTax": 1013000000,
        "incomeBeforeTaxRatio": 0.05524048424037518,
        "incomeTaxExpense": 366000000,
        "netIncome": 634000000,
        "netIncomeRatio": 0.034573017777293054,
        "eps": 0.806615776081425,
        "epsdiluted": 0.806615776081425,
        "weightedAverageShsOut": 786000000,
        "weightedAverageShsOutDil": 786000000,
        "link": "https://www.sec.gov/Archives/edgar/data/1637459/000163745916000100/0001637459-16-000100-index.html",
        "finalLink": "https://www.sec.gov/Archives/edgar/data/1637459/000163745916000100/khc10k1316.htm"
    },
    {
        "date": "2014-12-31",
        "symbol": "KHC",
        "reportedCurrency": "USD",
        "cik": "0001637459",
        "fillingDate": "2014-12-31",
        "acceptedDate": "2014-12-30 19:00:00",
        "calendarYear": "2014",
        "period": "FY",
        "revenue": 18205000000,
        "costOfRevenue": 13360000000,
        "grossProfit": 4845000000,
        "grossProfitRatio": 0.26613567701180996,
        "researchAndDevelopmentExpenses": 0,
        "generalAndAdministrativeExpenses": 0,
        "sellingAndMarketingExpenses": 0,
        "sellingGeneralAndAdministrativeExpenses": 0,
        "otherExpenses": 2956000000,
        "operatingExpenses": 2956000000,
        "costAndExpenses": 16316000000,
        "interestIncome": 0,
        "interestExpense": 0,
        "depreciationAndAmortization": 385000000,
        "ebitda": 1791000000,
        "ebitdaratio": 0.09837956605328206,
        "operatingIncome": 1890000000,
        "operatingIncomeRatio": 0.10381763251853886,
        "totalOtherIncomeExpensesNet": -484000000,
        "incomeBeforeTax": 1406000000,
        "incomeBeforeTaxRatio": 0.07723152979950564,
        "incomeTaxExpense": 363000000,
        "netIncome": 1043000000,
        "netIncomeRatio": 0.057291952760230705,
        "eps": 1.75,
        "epsdiluted": 1.74,
        "weightedAverageShsOut": 593000000,
        "weightedAverageShsOutDil": 598000000,
        "link": "",
        "finalLink": ""
    },
    {
        "date": "2013-12-31",
        "symbol": "KHC",
        "reportedCurrency": "USD",
        "cik": "0001637459",
        "fillingDate": "2013-12-31",
        "acceptedDate": "2013-12-30 19:00:00",
        "calendarYear": "2013",
        "period": "FY",
        "revenue": 18218000000,
        "costOfRevenue": 11395000000,
        "grossProfit": 6823000000,
        "grossProfitRatio": 0.3745197057854869,
        "researchAndDevelopmentExpenses": 0,
        "generalAndAdministrativeExpenses": 0,
        "sellingAndMarketingExpenses": 0,
        "sellingGeneralAndAdministrativeExpenses": 0,
        "otherExpenses": 2124000000,
        "operatingExpenses": 2124000000,
        "costAndExpenses": 13519000000,
        "interestIncome": 0,
        "interestExpense": 479000000,
        "depreciationAndAmortization": 393000000,
        "ebitda": 4962000000,
        "ebitdaratio": 0.27236798770446813,
        "operatingIncome": 4591000000,
        "operatingIncomeRatio": 0.2520035130091119,
        "totalOtherIncomeExpensesNet": -501000000,
        "incomeBeforeTax": 4090000000,
        "incomeBeforeTaxRatio": 0.22450323855527501,
        "incomeTaxExpense": 1375000000,
        "netIncome": 2715000000,
        "netIncomeRatio": 0.1490284334174992,
        "eps": 4.55,
        "epsdiluted": 4.51,
        "weightedAverageShsOut": 594000000,
        "weightedAverageShsOutDil": 599000000,
        "link": "",
        "finalLink": ""
    },
    {
        "date": "2012-12-31",
        "symbol": "KHC",
        "reportedCurrency": "USD",
        "cik": "0001637459",
        "fillingDate": "2012-12-31",
        "acceptedDate": "2012-12-30 19:00:00",
        "calendarYear": "2012",
        "period": "FY",
        "revenue": 18339000000,
        "costOfRevenue": 12499000000,
        "grossProfit": 5840000000,
        "grossProfitRatio": 0.3184470254648563,
        "researchAndDevelopmentExpenses": 0,
        "generalAndAdministrativeExpenses": 0,
        "sellingAndMarketingExpenses": 0,
        "sellingGeneralAndAdministrativeExpenses": 0,
        "otherExpenses": 3029000000,
        "operatingExpenses": 3029000000,
        "costAndExpenses": 15528000000,
        "interestIncome": 0,
        "interestExpense": 238000000,
        "depreciationAndAmortization": 428000000,
        "ebitda": 3119000000,
        "ebitdaratio": 0.17007470418234363,
        "operatingIncome": 2670000000,
        "operatingIncomeRatio": 0.14559136266972028,
        "totalOtherIncomeExpensesNet": -217000000,
        "incomeBeforeTax": 2453000000,
        "incomeBeforeTaxRatio": 0.1337586564152898,
        "incomeTaxExpense": 811000000,
        "netIncome": 1642000000,
        "netIncomeRatio": 0.08953596161186542,
        "eps": 2.77,
        "epsdiluted": 2.75,
        "weightedAverageShsOut": 593000000,
        "weightedAverageShsOutDil": 598000000,
        "link": "",
        "finalLink": ""
    },
    {
        "date": "2011-12-31",
        "symbol": "KHC",
        "reportedCurrency": "USD",
        "cik": "0001637459",
        "fillingDate": "2011-12-31",
        "acceptedDate": "2011-12-30 19:00:00",
        "calendarYear": "2011",
        "period": "FY",
        "revenue": 18655000000,
        "costOfRevenue": 12761000000,
        "grossProfit": 5894000000,
        "grossProfitRatio": 0.31594746716697936,
        "researchAndDevelopmentExpenses": 0,
        "generalAndAdministrativeExpenses": 0,
        "sellingAndMarketingExpenses": 0,
        "sellingGeneralAndAdministrativeExpenses": 0,
        "otherExpenses": 2971000000,
        "operatingExpenses": 2971000000,
        "costAndExpenses": 15732000000,
        "interestIncome": 0,
        "interestExpense": 4000000,
        "depreciationAndAmortization": 364000000,
        "ebitda": 3337000000,
        "ebitdaratio": 0.1788796569284374,
        "operatingIncome": 2923000000,
        "operatingIncomeRatio": 0.15668721522380058,
        "totalOtherIncomeExpensesNet": 46000000,
        "incomeBeforeTax": 2969000000,
        "incomeBeforeTaxRatio": 0.15915304207987135,
        "incomeTaxExpense": 1130000000,
        "netIncome": 1839000000,
        "netIncomeRatio": 0.09857946931117663,
        "eps": 3.111675,
        "epsdiluted": 3.08557,
        "weightedAverageShsOut": 591000000,
        "weightedAverageShsOutDil": 596000000,
        "link": "",
        "finalLink": ""
    },
    {
        "date": "2010-12-31",
        "symbol": "KHC",
        "reportedCurrency": "USD",
        "cik": "0001637459",
        "fillingDate": "2010-12-31",
        "acceptedDate": "2010-12-30 19:00:00",
        "calendarYear": "2010",
        "period": "FY",
        "revenue": 17797000000,
        "costOfRevenue": 11777000000,
        "grossProfit": 6020000000,
        "grossProfitRatio": 0.3382592571781761,
        "researchAndDevelopmentExpenses": 0,
        "generalAndAdministrativeExpenses": 0,
        "sellingAndMarketingExpenses": 0,
        "sellingGeneralAndAdministrativeExpenses": 0,
        "otherExpenses": 3063000000,
        "operatingExpenses": 3063000000,
        "costAndExpenses": 14840000000,
        "interestIncome": 0,
        "interestExpense": 3000000,
        "depreciationAndAmortization": 354000000,
        "ebitda": 5003000000,
        "ebitdaratio": 0.28111479462830813,
        "operatingIncome": 2965000000,
        "operatingIncomeRatio": 0.1666011125470585,
        "totalOtherIncomeExpensesNet": 37000000,
        "incomeBeforeTax": 3002000000,
        "incomeBeforeTaxRatio": 0.16868011462606058,
        "incomeTaxExpense": 1112000000,
        "netIncome": 3534000000,
        "netIncomeRatio": 0.19857279316738777,
        "eps": 5.98,
        "epsdiluted": 5.98,
        "weightedAverageShsOut": 591000000,
        "weightedAverageShsOutDil": 591000000,
        "link": "",
        "finalLink": ""
    }
]