[
    {
        "date": "2021-12-31",
        "symbol": "KO",
        "reportedCurrency": "USD",
        "cik": "0000021344",
        "fillingDate": "2022-02-22",
        "acceptedDate": "2022-02-22 15:45:48",
        "calendarYear": "2021",
        "period": "FY",
        "revenue": 38655000000,
        "costOfRevenue": 15357000000,
        "grossProfit": 23298000000,
        "grossProfitRatio": 0.6027163368257664,
        "researchAndDevelopmentExpenses": 0,
        "generalAndAdministrativeExpenses": 5472000000,
        "sellingAndMarketingExpenses": 6672000000,
        "sellingGeneralAndAdministrativeExpenses": 12144000000,
        "otherExpenses": 115000000,
        "operatingExpenses": 12259000000,
        "costAndExpenses": 27616000000,
        "interestIncome": 276000000,
        "interestExpense": 1597000000,
        "depreciationAndAmortization": 1452000000,
        "ebitda": 15441000000,
        "ebitdaratio": 0.3994567326348467,
        "operatingIncome": 10308000000,
        "operatingIncomeRatio": 0.26666666666666666,
        "totalOtherIncomeExpensesNet": 2117000000,
        "incomeBeforeTax": 12425000000,
        "incomeBeforeTaxRatio": 0.3214331910490234,
        "incomeTaxExpense": 2621000000,
        "netIncome": 9771000000,
        "netIncomeRatio": 0.2527745440434614,
        "eps": 2.270495599814729,
        "epsdiluted": 2.2569060773480665,
        "weightedAverageShsOut": 4295000000,
        "weightedAverageShsOutDil": 4323000000,
        "link": "https://www.sec.gov/Archives/edgar/data/21344/000002134422000009/0000021344-22-000009-index.htm",
        "finalLink": "https://www.sec.gov/Archives/edgar/data/21344/000002134422000009/ko-20211231.htm"
    },
    {
        "date": "2020-12-31",
        "symbol": "KO",
        "reportedCurrency": "USD",
        "cik": "0000021344",
        "fillingDate": "2021-02-25",
        "acceptedDate": "2021-02-25 13:47:17",
        "calendarYear": "2020",
        "period": "FY",
        "revenue": 33014000000,
        "costOfRevenue": 13433000000,
        "grossProfit": 19581000000,
        "grossProfitRatio": 0.5931120130853578,
        "researchAndDevelopmentExpenses": 0,
        "generalAndAdministrativeExpenses": 4316000000,
        "sellingAndMarketingExpenses": 5415000000,
        "sellingGeneralAndAdministrativeExpenses": 9731000000,
        "otherExpenses": 26000000,
        "operatingExpenses": 9757000000,
        "costAndExpenses": 23190000000,
        "interestIncome": 370000000,
        "interestExpense": 1437000000,
        "depreciationAndAmortization": 1536000000,
        "ebitda": 12701000000,
        "ebitdaratio": 0.38471557521051675,
        "operatingIncome": 8997000000,
        "operatingIncomeRatio": 0.2725207487732477,
        "totalOtherIncomeExpensesNet": 752000000,
        "incomeBeforeTax": 9749000000,
        "incomeBeforeTaxRatio": 0.2952989640758466,
        "incomeTaxExpense": 1981000000,
        "netIncome": 7747000000,
        "netIncomeRatio": 0.23465802386866177,
        "eps": 1.8,
        "epsdiluted": 1.79,
        "weightedAverageShsOut": 4295000000,
        "weightedAverageShsOutDil": 4323000000,
        "link": "https://www.sec.gov/Archives/edgar/data/21344/000002134421000008/0000021344-21-000008-index.htm",
        "finalLink": "https://www.sec.gov/Archives/edgar/data/21344/000002134421000008/ko-20201231.htm"
    },
    {
        "date": "2019-12-31",
        "symbol": "KO",
        "reportedCurrency": "USD",
        "cik": "0000021344",
        "fillingDate": "2020-02-24",
        "acceptedDate": "2020-02-24 16:08:17",
        "calendarYear": "2019",
        "period": "FY",
        "revenue": 37266000000,
        "costOfRevenue": 14619000000,
        "grossProfit": 22647000000,
        "grossProfitRatio": 0.6077121236515859,
        "researchAndDevelopmentExpenses": 0,
        "generalAndAdministrativeExpenses": 4984000000,
        "sellingAndMarketingExpenses": 7119000000,
        "sellingGeneralAndAdministrativeExpenses": 12103000000,
        "otherExpenses": 11000000,
        "operatingExpenses": 12114000000,
        "costAndExpenses": 26733000000,
        "interestIncome": 563000000,
        "interestExpense": 946000000,
        "depreciationAndAmortization": 1365000000,
        "ebitda": 13032000000,
        "ebitdaratio": 0.3497021413620995,
        "operatingIncome": 10086000000,
        "operatingIncomeRatio": 0.27064884881661566,
        "totalOtherIncomeExpensesNet": 700000000,
        "incomeBeforeTax": 10786000000,
        "incomeBeforeTaxRatio": 0.28943272688241295,
        "incomeTaxExpense": 1801000000,
        "netIncome": 8920000000,
        "netIncomeRatio": 0.23936027478130198,
        "eps": 2.09,
        "epsdiluted": 2.07,
        "weightedAverageShsOut": 4276000000,
        "weightedAverageShsOutDil": 4314000000,
        "link": "https://www.sec.gov/Archives/edgar/data/21344/000002134420000006/0000021344-20-000006-index.htm",
        "finalLink": "https://www.sec.gov/Archives/edgar/data/21344/000002134420000006/a2019123110-k.htm"
    },
    {
        "date": "2018-12-31",
        "symbol": "KO",
        "reportedCurrency": "USD",
        "cik": "0000021344",
        "fillingDate": "2019-02-21",
        "acceptedDate": "2019-02-21 16:55:42",
        "calendarYear": "2018",
        "period": "FY",
        "revenue": 31856000000,
        "costOfRevenue": 11770000000,
        "grossProfit": 20086000000,
        "grossProfitRatio": 0.630524861878453,
        "researchAndDevelopmentExpenses": 0,
        "generalAndAdministrativeExpenses": 4493000000,
        "sellingAndMarketingExpenses": 5814000000,
        "sellingGeneralAndAdministrativeExpenses": 10307000000,
        "otherExpenses": -2000000,
        "operatingExpenses": 10305000000,
        "costAndExpenses": 22075000000,
        "interestIncome": 682000000,
        "interestExpense": 919000000,
        "depreciationAndAmortization": 1086000000,
        "ebitda": 10062000000,
        "ebitdaratio": 0.3158588648920141,
        "operatingIncome": 8700000000,
        "operatingIncomeRatio": 0.2731039678553491,
        "totalOtherIncomeExpensesNet": -350000000,
        "incomeBeforeTax": 8350000000,
        "incomeBeforeTaxRatio": 0.26211702661978903,
        "incomeTaxExpense": 1623000000,
        "netIncome": 6434000000,
        "netIncomeRatio": 0.2019713711702662,
        "eps": 1.51,
        "epsdiluted": 1.5,
        "weightedAverageShsOut": 4259000000,
        "weightedAverageShsOutDil": 4299000000,
        "link": "https://www.sec.gov/Archives/edgar/data/21344/000002134419000014/0000021344-19-000014-index.htm",
        "finalLink": "https://www.sec.gov/Archives/edgar/data/21344/000002134419000014/a2018123110-k.htm"
    },
    {
        "date": "2017-12-31",
        "symbol": "KO",
        "reportedCurrency": "USD",
        "cik": "0000021344",
        "fillingDate": "2018-02-23",
        "acceptedDate": "2018-02-23 11:20:20",
        "calendarYear": "2017",
        "period": "FY",
        "revenue": 35410000000,
        "costOfRevenue": 13256000000,
        "grossProfit": 22154000000,
        "grossProfitRatio": 0.6256424738774358,
        "researchAndDevelopmentExpenses": 0,
        "generalAndAdministrativeExpenses": 5281000000,
        "sellingAndMarketingExpenses": 7215000000,
        "sellingGeneralAndAdministrativeExpenses": 12496000000,
        "otherExpenses": 231000000,
        "operatingExpenses": 12727000000,
        "costAndExpenses": 25983000000,
        "interestIncome": 677000000,
        "interestExpense": 841000000,
        "depreciationAndAmortization": 1260000000,
        "ebitda": 8909000000,
        "ebitdaratio": 0.2515955944648404,
        "operatingIncome": 7501000000,
        "operatingIncomeRatio": 0.21183281558881673,
        "totalOtherIncomeExpensesNet": -759000000,
        "incomeBeforeTax": 6742000000,
        "incomeBeforeTaxRatio": 0.1903981926009602,
        "incomeTaxExpense": 5560000000,
        "netIncome": 1248000000,
        "netIncomeRatio": 0.035244281276475574,
        "eps": 0.29,
        "epsdiluted": 0.29,
        "weightedAverageShsOut": 4272000000,
        "weightedAverageShsOutDil": 4324000000,
        "link": "https://www.sec.gov/Archives/edgar/data/21344/000002134418000008/0000021344-18-000008-index.htm",
        "finalLink": "https://www.sec.gov/Archives/edgar/data/21344/000002134418000008/a2017123110-k.htm"
    },
    {
        "date": "2016-12-31",
        "symbol": "KO",
        "reportedCurrency": "USD",
        "cik": "0000021344",
        "fillingDate": "2017-02-24",
        "acceptedDate": "2017-02-24 11:34:47",
        "calendarYear": "2016",
        "period": "FY",
        "revenue": 41863000000,
        "costOfRevenue": 16465000000,
        "grossProfit": 25398000000,
        "grossProfitRatio": 0.606693261352507,
        "researchAndDevelopmentExpenses": 0,
        "generalAndAdministrativeExpenses": 6081000000,
        "sellingAndMarketingExpenses": 9181000000,
        "sellingGeneralAndAdministrativeExpenses": 15262000000,
        "otherExpenses": 0,
        "operatingExpenses": 15262000000,
        "costAndExpenses": 31727000000,
        "interestIncome": 642000000,
        "interestExpense": 733000000,
        "depreciationAndAmortization": 1787000000,
        "ebitda": 10633000000,
        "ebitdaratio": 0.25399517473664096,
        "operatingIncome": 8626000000,
        "operatingIncomeRatio": 0.20605307789694957,
        "totalOtherIncomeExpensesNet": -490000000,
        "incomeBeforeTax": 8136000000,
        "incomeBeforeTaxRatio": 0.19434823113489239,
        "incomeTaxExpense": 1586000000,
        "netIncome": 6527000000,
        "netIncomeRatio": 0.15591333635907603,
        "eps": 1.51,
        "epsdiluted": 1.49,
        "weightedAverageShsOut": 4317000000,
        "weightedAverageShsOutDil": 4367000000,
        "link": "https://www.sec.gov/Archives/edgar/data/21344/000002134417000009/0000021344-17-000009-index.htm",
        "finalLink": "https://www.sec.gov/Archives/edgar/data/21344/000002134417000009/a2016123110-k.htm"
    },
    {
        "date": "2015-12-31",
        "symbol": "KO",
        "reportedCurrency": "USD",
        "cik": "0000021344",
        "fillingDate": "2016-02-25",
        "acceptedDate": "2016-02-25 14:48:38",
        "calendarYear": "2015",
        "period": "FY",
        "revenue": 44294000000,
        "costOfRevenue": 17482000000,
        "grossProfit": 26812000000,
        "grossProfitRatio": 0.6053190048313541,
        "researchAndDevelopmentExpenses": 0,
        "generalAndAdministrativeExpenses": 6426000000,
        "sellingAndMarketingExpenses": 10001000000,
        "sellingGeneralAndAdministrativeExpenses": 16427000000,
        "otherExpenses": 0,
        "operatingExpenses": 16427000000,
        "costAndExpenses": 33909000000,
        "interestIncome": 613000000,
        "interestExpense": 856000000,
        "depreciationAndAmortization": 1970000000,
        "ebitda": 12416000000,
        "ebitdaratio": 0.28030884544182055,
        "operatingIncome": 8728000000,
        "operatingIncomeRatio": 0.19704700410890866,
        "totalOtherIncomeExpensesNet": 877000000,
        "incomeBeforeTax": 9605000000,
        "incomeBeforeTaxRatio": 0.21684652548877953,
        "incomeTaxExpense": 2239000000,
        "netIncome": 7351000000,
        "netIncomeRatio": 0.16595927213618097,
        "eps": 1.69,
        "epsdiluted": 1.67,
        "weightedAverageShsOut": 4352000000,
        "weightedAverageShsOutDil": 4405000000,
        "link": "https://www.sec.gov/Archives/edgar/data/21344/000002134416000050/0000021344-16-000050-index.htm",
        "finalLink": "https://www.sec.gov/Archives/edgar/data/21344/000002134416000050/a2015123110-k.htm"
    },
    {
        "date": "2014-12-31",
        "symbol": "KO",
        "reportedCurrency": "USD",
        "cik": "0000021344",
        "fillingDate": "2015-02-25",
        "acceptedDate": "2015-02-25 15:11:06",
        "calendarYear": "2014",
        "period": "FY",
        "revenue": 45998000000,
        "costOfRevenue": 17889000000,
        "grossProfit": 28109000000,
        "grossProfitRatio": 0.6110917865994173,
        "researchAndDevelopmentExpenses": 0,
        "generalAndAdministrativeExpenses": 5338000000,
        "sellingAndMarketingExpenses": 11880000000,
        "sellingGeneralAndAdministrativeExpenses": 17218000000,
        "otherExpenses": 0,
        "operatingExpenses": 17218000000,
        "costAndExpenses": 35107000000,
        "interestIncome": 594000000,
        "interestExpense": 483000000,
        "depreciationAndAmortization": 1976000000,
        "ebitda": 11758000000,
        "ebitdaratio": 0.25561980955693725,
        "operatingIncome": 9708000000,
        "operatingIncomeRatio": 0.21105265446323754,
        "totalOtherIncomeExpensesNet": -383000000,
        "incomeBeforeTax": 9325000000,
        "incomeBeforeTaxRatio": 0.20272620548719508,
        "incomeTaxExpense": 2201000000,
        "netIncome": 7098000000,
        "netIncomeRatio": 0.15431105700247838,
        "eps": 1.62,
        "epsdiluted": 1.6,
        "weightedAverageShsOut": 4387000000,
        "weightedAverageShsOutDil": 4450000000,
        "link": "https://www.sec.gov/Archives/edgar/data/21344/000002134415000005/0000021344-15-000005-index.htm",
        "finalLink": "https://www.sec.gov/Archives/edgar/data/21344/000002134415000005/a2014123110-k.htm"
    },
    {
        "date": "2013-12-31",
        "symbol": "KO",
        "reportedCurrency": "USD",
        "cik": "0000021344",
        "fillingDate": "2014-02-27",
        "acceptedDate": "2014-02-27 13:24:23",
        "calendarYear": "2013",
        "period": "FY",
        "revenue": 46854000000,
        "costOfRevenue": 18421000000,
        "grossProfit": 28433000000,
        "grossProfitRatio": 0.6068425321210569,
        "researchAndDevelopmentExpenses": 0,
        "generalAndAdministrativeExpenses": 5534000000,
        "sellingAndMarketingExpenses": 11776000000,
        "sellingGeneralAndAdministrativeExpenses": 17310000000,
        "otherExpenses": 0,
        "operatingExpenses": 17310000000,
        "costAndExpenses": 35731000000,
        "interestIncome": 534000000,
        "interestExpense": 463000000,
        "depreciationAndAmortization": 1977000000,
        "ebitda": 13875000000,
        "ebitdaratio": 0.2961326674350109,
        "operatingIncome": 10228000000,
        "operatingIncomeRatio": 0.21829512955137234,
        "totalOtherIncomeExpensesNet": 1249000000,
        "incomeBeforeTax": 11477000000,
        "incomeBeforeTaxRatio": 0.24495240534426088,
        "incomeTaxExpense": 2851000000,
        "netIncome": 8584000000,
        "netIncomeRatio": 0.18320741025312673,
        "eps": 1.94,
        "epsdiluted": 1.9,
        "weightedAverageShsOut": 4434000000,
        "weightedAverageShsOutDil": 4509000000,
        "link": "https://www.sec.gov/Archives/edgar/data/21344/000002134414000008/0000021344-14-000008-index.htm",
        "finalLink": "https://www.sec.gov/Archives/edgar/data/21344/000002134414000008/a2013123110-k.htm"
    },
    {
        "date": "2012-12-31",
        "symbol": "KO",
        "reportedCurrency": "USD",
        "cik": "0000021344",
        "fillingDate": "2013-02-27",
        "acceptedDate": "2013-02-27 12:22:03",
        "calendarYear": "2012",
        "period": "FY",
        "revenue": 48017000000,
        "costOfRevenue": 19053000000,
        "grossProfit": 28964000000,
        "grossProfitRatio": 0.6032030322594081,
        "researchAndDevelopmentExpenses": 0,
        "generalAndAdministrativeExpenses": 5491000000,
        "sellingAndMarketingExpenses": 12247000000,
        "sellingGeneralAndAdministrativeExpenses": 17738000000,
        "otherExpenses": 0,
        "operatingExpenses": 17738000000,
        "costAndExpenses": 36791000000,
        "interestIncome": 471000000,
        "interestExpense": 397000000,
        "depreciationAndAmortization": 1982000000,
        "ebitda": 14121000000,
        "ebitdaratio": 0.29408334548180853,
        "operatingIncome": 10779000000,
        "operatingIncomeRatio": 0.22448299560572296,
        "totalOtherIncomeExpensesNet": 1030000000,
        "incomeBeforeTax": 11809000000,
        "incomeBeforeTaxRatio": 0.24593373180331965,
        "incomeTaxExpense": 2723000000,
        "netIncome": 9019000000,
        "netIncomeRatio": 0.18782931045254805,
        "eps": 2,
        "epsdiluted": 1.97,
        "weightedAverageShsOut": 4504000000,
        "weightedAverageShsOutDil": 4584000000,
        "link": "https://www.sec.gov/Archives/edgar/data/21344/000002134413000007/0000021344-13-000007-index.htm",
        "finalLink": "https://www.sec.gov/Archives/edgar/data/21344/000002134413000007/a2012123110-k.htm"
    },
    {
        "date": "2011-12-31",
        "symbol": "KO",
        "reportedCurrency": "USD",
        "cik": "0000021344",
        "fillingDate": "2012-02-23",
        "acceptedDate": "2012-02-23 14:07:28",
        "calendarYear": "2011",
        "period": "FY",
        "revenue": 46542000000,
        "costOfRevenue": 18216000000,
        "grossProfit": 28326000000,
        "grossProfitRatio": 0.6086115766404537,
        "researchAndDevelopmentExpenses": 0,
        "generalAndAdministrativeExpenses": 17440000000,
        "sellingAndMarketingExpenses": 0,
        "sellingGeneralAndAdministrativeExpenses": 17440000000,
        "otherExpenses": 732000000,
        "operatingExpenses": 18172000000,
        "costAndExpenses": 36388000000,
        "interestIncome": 483000000,
        "interestExpense": 417000000,
        "depreciationAndAmortization": 1954000000,
        "ebitda": 13748000000,
        "ebitdaratio": 0.2953891109105754,
        "operatingIncome": 10154000000,
        "operatingIncomeRatio": 0.21816853594602725,
        "totalOtherIncomeExpensesNet": 1285000000,
        "incomeBeforeTax": 11439000000,
        "incomeBeforeTaxRatio": 0.24577800696145416,
        "incomeTaxExpense": 2805000000,
        "netIncome": 8572000000,
        "netIncomeRatio": 0.1841777319410425,
        "eps": 1.893946,
        "epsdiluted": 1.845,
        "weightedAverageShsOut": 4526000000,
        "weightedAverageShsOutDil": 4646000000,
        "link": "https://www.sec.gov/Archives/edgar/data/21344/000002134412000007/0000021344-12-000007-index.htm",
        "finalLink": "https://www.sec.gov/Archives/edgar/data/21344/000002134412000007/a2011123110-k.htm"
    },
    {
        "date": "2010-12-31",
        "symbol": "KO",
        "reportedCurrency": "USD",
        "cik": "0000021344",
        "fillingDate": "2011-02-28",
        "acceptedDate": "2011-02-28 11:29:34",
        "calendarYear": "2010",
        "period": "FY",
        "revenue": 35119000000,
        "costOfRevenue": 12693000000,
        "grossProfit": 22426000000,
        "grossProfitRatio": 0.6385717133175773,
        "researchAndDevelopmentExpenses": 0,
        "generalAndAdministrativeExpenses": 13158000000,
        "sellingAndMarketingExpenses": 0,
        "sellingGeneralAndAdministrativeExpenses": 13158000000,
        "otherExpenses": 819000000,
        "operatingExpenses": 13977000000,
        "costAndExpenses": 26670000000,
        "interestIncome": 317000000,
        "interestExpense": 733000000,
        "depreciationAndAmortization": 1443000000,
        "ebitda": 16369000000,
        "ebitdaratio": 0.4661009709843674,
        "operatingIncome": 8449000000,
        "operatingIncomeRatio": 0.24058202112816424,
        "totalOtherIncomeExpensesNet": 5794000000,
        "incomeBeforeTax": 14243000000,
        "incomeBeforeTaxRatio": 0.40556393974771493,
        "incomeTaxExpense": 2384000000,
        "netIncome": 11809000000,
        "netIncomeRatio": 0.3362567271277656,
        "eps": 2.56,
        "epsdiluted": 2.53,
        "weightedAverageShsOut": 4616000000,
        "weightedAverageShsOutDil": 4666000000,
        "link": "https://www.sec.gov/Archives/edgar/data/21344/000104746911001506/0001047469-11-001506-index.htm",
        "finalLink": "https://www.sec.gov/Archives/edgar/data/21344/000104746911001506/a2202147z10-k.htm"
    },
    {
        "date": "2009-12-31",
        "symbol": "KO",
        "reportedCurrency": "USD",
        "cik": "0000021344",
        "fillingDate": "2009-12-31",
        "acceptedDate": "2009-12-30 19:00:00",
        "calendarYear": "2009",
        "period": "FY",
        "revenue": 30990000000,
        "costOfRevenue": 11088000000,
        "grossProfit": 19902000000,
        "grossProfitRatio": 0.6422071636011617,
        "researchAndDevelopmentExpenses": 0,
        "generalAndAdministrativeExpenses": 0,
        "sellingAndMarketingExpenses": 0,
        "sellingGeneralAndAdministrativeExpenses": 11358000000,
        "otherExpenses": 313000000,
        "operatingExpenses": 11671000000,
        "costAndExpenses": 22759000000,
        "interestIncome": 249000000,
        "interestExpense": 355000000,
        "depreciationAndAmortization": 1236000000,
        "ebitda": 10455000000,
        "ebitdaratio": 0.33736689254598257,
        "operatingIncome": 8231000000,
        "operatingIncomeRatio": 0.2656018070345273,
        "totalOtherIncomeExpensesNet": 715000000,
        "incomeBeforeTax": 8946000000,
        "incomeBeforeTaxRatio": 0.28867376573088094,
        "incomeTaxExpense": 2040000000,
        "netIncome": 6824000000,
        "netIncomeRatio": 0.2202000645369474,
        "eps": 1.481546,
        "epsdiluted": 1.465,
        "weightedAverageShsOut": 4628000000,
        "weightedAverageShsOutDil": 4658000000,
        "link": "",
        "finalLink": ""
    },
    {
        "date": "2008-12-31",
        "symbol": "KO",
        "reportedCurrency": "USD",
        "cik": "0000021344",
        "fillingDate": "2009-02-26",
        "acceptedDate": "2009-02-26 14:42:20",
        "calendarYear": "2008",
        "period": "FY",
        "revenue": 31944000000,
        "costOfRevenue": 11374000000,
        "grossProfit": 20570000000,
        "grossProfitRatio": 0.6439393939393939,
        "researchAndDevelopmentExpenses": 0,
        "generalAndAdministrativeExpenses": 11774000000,
        "sellingAndMarketingExpenses": 0,
        "sellingGeneralAndAdministrativeExpenses": 11774000000,
        "otherExpenses": 350000000,
        "operatingExpenses": 12124000000,
        "costAndExpenses": 23498000000,
        "interestIncome": 333000000,
        "interestExpense": 438000000,
        "depreciationAndAmortization": 1228000000,
        "ebitda": 9105000000,
        "ebitdaratio": 0.28503005259203607,
        "operatingIncome": 8446000000,
        "operatingIncomeRatio": 0.26440020035061357,
        "totalOtherIncomeExpensesNet": -1007000000,
        "incomeBeforeTax": 7439000000,
        "incomeBeforeTaxRatio": 0.23287628349611822,
        "incomeTaxExpense": 1632000000,
        "netIncome": 5807000000,
        "netIncomeRatio": 0.18178687703481092,
        "eps": 1.254995,
        "epsdiluted": 1.245,
        "weightedAverageShsOut": 4632000000,
        "weightedAverageShsOutDil": 4672000000,
        "link": "https://www.sec.gov/Archives/edgar/data/21344/000104746909001875/0001047469-09-001875-index.htm",
        "finalLink": "https://www.sec.gov/Archives/edgar/data/21344/000104746909001875/a2190274z10-k.htm"
    },
    {
        "date": "2007-12-31",
        "symbol": "KO",
        "reportedCurrency": "USD",
        "cik": "0000021344",
        "fillingDate": "2008-02-28",
        "acceptedDate": "2008-02-28 16:13:51",
        "calendarYear": "2007",
        "period": "FY",
        "revenue": 28857000000,
        "costOfRevenue": 10406000000,
        "grossProfit": 18451000000,
        "grossProfitRatio": 0.6393942544270022,
        "researchAndDevelopmentExpenses": 0,
        "generalAndAdministrativeExpenses": 11199000000,
        "sellingAndMarketingExpenses": 0,
        "sellingGeneralAndAdministrativeExpenses": 11199000000,
        "otherExpenses": 0,
        "operatingExpenses": 11199000000,
        "costAndExpenses": 21605000000,
        "interestIncome": 0,
        "interestExpense": 0,
        "depreciationAndAmortization": 1163000000,
        "ebitda": 9036000000,
        "ebitdaratio": 0.3131302630211041,
        "operatingIncome": 7252000000,
        "operatingIncomeRatio": 0.25130817479294454,
        "totalOtherIncomeExpensesNet": 621000000,
        "incomeBeforeTax": 7873000000,
        "incomeBeforeTaxRatio": 0.2728280833073431,
        "incomeTaxExpense": 1892000000,
        "netIncome": 5981000000,
        "netIncomeRatio": 0.20726340229407075,
        "eps": 1.295,
        "epsdiluted": 1.285,
        "weightedAverageShsOut": 4626000000,
        "weightedAverageShsOutDil": 4662000000,
        "link": "https://www.sec.gov/Archives/edgar/data/21344/000119312508041768/0001193125-08-041768-index.htm",
        "finalLink": "https://www.sec.gov/Archives/edgar/data/21344/000119312508041768/d10k.htm"
    },
    {
        "date": "2006-12-31",
        "symbol": "KO",
        "reportedCurrency": "USD",
        "cik": "0000021344",
        "fillingDate": "2007-02-21",
        "acceptedDate": "2007-02-21 15:53:37",
        "calendarYear": "2006",
        "period": "FY",
        "revenue": 24088000000,
        "costOfRevenue": 8164000000,
        "grossProfit": 15924000000,
        "grossProfitRatio": 0.6610760544669545,
        "researchAndDevelopmentExpenses": 0,
        "generalAndAdministrativeExpenses": 9616000000,
        "sellingAndMarketingExpenses": 0,
        "sellingGeneralAndAdministrativeExpenses": 9616000000,
        "otherExpenses": 0,
        "operatingExpenses": 9616000000,
        "costAndExpenses": 17780000000,
        "interestIncome": 0,
        "interestExpense": 0,
        "depreciationAndAmortization": 938000000,
        "ebitda": 7516000000,
        "ebitdaratio": 0.312022583859183,
        "operatingIncome": 6308000000,
        "operatingIncomeRatio": 0.26187313184988376,
        "totalOtherIncomeExpensesNet": 270000000,
        "incomeBeforeTax": 6578000000,
        "incomeBeforeTaxRatio": 0.2730820325473265,
        "incomeTaxExpense": 1498000000,
        "netIncome": 5080000000,
        "netIncomeRatio": 0.2108933909000332,
        "eps": 1.08,
        "epsdiluted": 1.08,
        "weightedAverageShsOut": 4696000000,
        "weightedAverageShsOutDil": 4700000000,
        "link": "https://www.sec.gov/Archives/edgar/data/21344/000104746907001328/0001047469-07-001328-index.htm",
        "finalLink": "https://www.sec.gov/Archives/edgar/data/21344/000104746907001328/a2176230z10-k.htm"
    },
    {
        "date": "2005-12-31",
        "symbol": "KO",
        "reportedCurrency": "USD",
        "cik": "0000021344",
        "fillingDate": "2006-02-28",
        "acceptedDate": "2006-02-28 13:33:03",
        "calendarYear": "2005",
        "period": "FY",
        "revenue": 23104000000,
        "costOfRevenue": 8195000000,
        "grossProfit": 14909000000,
        "grossProfitRatio": 0.645299515235457,
        "researchAndDevelopmentExpenses": 0,
        "generalAndAdministrativeExpenses": 8824000000,
        "sellingAndMarketingExpenses": 0,
        "sellingGeneralAndAdministrativeExpenses": 8824000000,
        "otherExpenses": 0,
        "operatingExpenses": 8824000000,
        "costAndExpenses": 17019000000,
        "interestIncome": 0,
        "interestExpense": 0,
        "depreciationAndAmortization": 932000000,
        "ebitda": 7622000000,
        "ebitdaratio": 0.32989958448753465,
        "operatingIncome": 6085000000,
        "operatingIncomeRatio": 0.26337430747922436,
        "totalOtherIncomeExpensesNet": 605000000,
        "incomeBeforeTax": 6690000000,
        "incomeBeforeTaxRatio": 0.2895602493074792,
        "incomeTaxExpense": 1818000000,
        "netIncome": 4872000000,
        "netIncomeRatio": 0.21087257617728533,
        "eps": 1.02,
        "epsdiluted": 1.02,
        "weightedAverageShsOut": 4784000000,
        "weightedAverageShsOutDil": 4786000000,
        "link": "https://www.sec.gov/Archives/edgar/data/21344/000104746906002588/0001047469-06-002588-index.htm",
        "finalLink": "https://www.sec.gov/Archives/edgar/data/21344/000104746906002588/a2167326z10-k.htm"
    },
    {
        "date": "2004-12-31",
        "symbol": "KO",
        "reportedCurrency": "USD",
        "cik": "0000021344",
        "fillingDate": "2005-03-04",
        "acceptedDate": "2005-03-04 13:05:52",
        "calendarYear": "2004",
        "period": "FY",
        "revenue": 21962000000,
        "costOfRevenue": 7638000000,
        "grossProfit": 14324000000,
        "grossProfitRatio": 0.6522174665331026,
        "researchAndDevelopmentExpenses": 0,
        "generalAndAdministrativeExpenses": 8626000000,
        "sellingAndMarketingExpenses": 0,
        "sellingGeneralAndAdministrativeExpenses": 8626000000,
        "otherExpenses": 0,
        "operatingExpenses": 8626000000,
        "costAndExpenses": 16264000000,
        "interestIncome": 0,
        "interestExpense": 0,
        "depreciationAndAmortization": 893000000,
        "ebitda": 7115000000,
        "ebitdaratio": 0.32396867316273564,
        "operatingIncome": 5698000000,
        "operatingIncomeRatio": 0.25944813769237773,
        "totalOtherIncomeExpensesNet": 524000000,
        "incomeBeforeTax": 6222000000,
        "incomeBeforeTaxRatio": 0.28330753119023766,
        "incomeTaxExpense": 1375000000,
        "netIncome": 4847000000,
        "netIncomeRatio": 0.22069938985520443,
        "eps": 1,
        "epsdiluted": 1,
        "weightedAverageShsOut": 4852000000,
        "weightedAverageShsOutDil": 4858000000,
        "link": "https://www.sec.gov/Archives/edgar/data/21344/000104746905005411/0001047469-05-005411-index.htm",
        "finalLink": "https://www.sec.gov/Archives/edgar/data/21344/000104746905005411/a2151637z10-k.htm"
    },
    {
        "date": "2003-12-31",
        "symbol": "KO",
        "reportedCurrency": "USD",
        "cik": "0000021344",
        "fillingDate": "2003-12-31",
        "acceptedDate": "2003-12-30 19:00:00",
        "calendarYear": "2003",
        "period": "FY",
        "revenue": 21044000000,
        "costOfRevenue": 7762000000,
        "grossProfit": 13282000000,
        "grossProfitRatio": 0.6311537730469492,
        "researchAndDevelopmentExpenses": 0,
        "generalAndAdministrativeExpenses": 8061000000,
        "sellingAndMarketingExpenses": 0,
        "sellingGeneralAndAdministrativeExpenses": 8061000000,
        "otherExpenses": 0,
        "operatingExpenses": 8061000000,
        "costAndExpenses": 15823000000,
        "interestIncome": 0,
        "interestExpense": 0,
        "depreciationAndAmortization": 850000000,
        "ebitda": 6345000000,
        "ebitdaratio": 0.3015111195590192,
        "operatingIncome": 5221000000,
        "operatingIncomeRatio": 0.248099220680479,
        "totalOtherIncomeExpensesNet": 274000000,
        "incomeBeforeTax": 5495000000,
        "incomeBeforeTaxRatio": 0.26111955901919787,
        "incomeTaxExpense": 1148000000,
        "netIncome": 4347000000,
        "netIncomeRatio": 0.20656719254894507,
        "eps": 0.885,
        "epsdiluted": 0.885,
        "weightedAverageShsOut": 4918000000,
        "weightedAverageShsOutDil": 4924000000,
        "link": "",
        "finalLink": ""
    },
    {
        "date": "2002-12-31",
        "symbol": "KO",
        "reportedCurrency": "USD",
        "cik": "0000021344",
        "fillingDate": "2002-12-31",
        "acceptedDate": "2002-12-30 19:00:00",
        "calendarYear": "2002",
        "period": "FY",
        "revenue": 19564000000,
        "costOfRevenue": 7105000000,
        "grossProfit": 12459000000,
        "grossProfitRatio": 0.6368329584951953,
        "researchAndDevelopmentExpenses": 0,
        "generalAndAdministrativeExpenses": 7001000000,
        "sellingAndMarketingExpenses": 0,
        "sellingGeneralAndAdministrativeExpenses": 7001000000,
        "otherExpenses": 0,
        "operatingExpenses": 7001000000,
        "costAndExpenses": 14106000000,
        "interestIncome": 0,
        "interestExpense": 0,
        "depreciationAndAmortization": 806000000,
        "ebitda": 5379000000,
        "ebitdaratio": 0.2749437742792885,
        "operatingIncome": 5458000000,
        "operatingIncomeRatio": 0.27898180331220607,
        "totalOtherIncomeExpensesNet": 41000000,
        "incomeBeforeTax": 5499000000,
        "incomeBeforeTaxRatio": 0.2810774892659988,
        "incomeTaxExpense": 1523000000,
        "netIncome": 3050000000,
        "netIncomeRatio": 0.15589858924555305,
        "eps": 0.615,
        "epsdiluted": 0.615,
        "weightedAverageShsOut": 4956000000,
        "weightedAverageShsOutDil": 4966000000,
        "link": "",
        "finalLink": ""
    },
    {
        "date": "2001-12-31",
        "symbol": "KO",
        "reportedCurrency": "USD",
        "cik": "0000021344",
        "fillingDate": "2002-03-11",
        "acceptedDate": "2002-03-11 00:00:00",
        "calendarYear": "2001",
        "period": "FY",
        "revenue": 20092000000,
        "costOfRevenue": 6044000000,
        "grossProfit": 14048000000,
        "grossProfitRatio": 0.69918375472825,
        "researchAndDevelopmentExpenses": 0,
        "generalAndAdministrativeExpenses": 8696000000,
        "sellingAndMarketingExpenses": 0,
        "sellingGeneralAndAdministrativeExpenses": 8696000000,
        "otherExpenses": 0,
        "operatingExpenses": 8696000000,
        "costAndExpenses": 14740000000,
        "interestIncome": 0,
        "interestExpense": 0,
        "depreciationAndAmortization": 803000000,
        "ebitda": 6463000000,
        "ebitdaratio": 0.32167031654389805,
        "operatingIncome": 5352000000,
        "operatingIncomeRatio": 0.2663746764881545,
        "totalOtherIncomeExpensesNet": 318000000,
        "incomeBeforeTax": 5670000000,
        "incomeBeforeTaxRatio": 0.28220187139159864,
        "incomeTaxExpense": 1691000000,
        "netIncome": 3969000000,
        "netIncomeRatio": 0.19754130997411906,
        "eps": 0.8,
        "epsdiluted": 0.8,
        "weightedAverageShsOut": 4974000000,
        "weightedAverageShsOutDil": 4974000000,
        "link": "https://www.sec.gov/Archives/edgar/data/21344/000002134402000011/0000021344-02-000011-index.html",
        "finalLink": "https://www.sec.gov/Archives/edgar/data/21344/000002134402000011/kok01.txt"
    },
    {
        "date": "2000-12-31",
        "symbol": "KO",
        "reportedCurrency": "USD",
        "cik": "0000021344",
        "fillingDate": "2001-03-07",
        "acceptedDate": "2001-03-07 00:00:00",
        "calendarYear": "2000",
        "period": "FY",
        "revenue": 20458000000,
        "costOfRevenue": 6204000000,
        "grossProfit": 14254000000,
        "grossProfitRatio": 0.6967445498093655,
        "researchAndDevelopmentExpenses": 0,
        "generalAndAdministrativeExpenses": 10563000000,
        "sellingAndMarketingExpenses": 0,
        "sellingGeneralAndAdministrativeExpenses": 10563000000,
        "otherExpenses": 0,
        "operatingExpenses": 10563000000,
        "costAndExpenses": 16767000000,
        "interestIncome": 0,
        "interestExpense": 0,
        "depreciationAndAmortization": 773000000,
        "ebitda": 4172000000,
        "ebitdaratio": 0.203930002932838,
        "operatingIncome": 3691000000,
        "operatingIncomeRatio": 0.18041841822270016,
        "totalOtherIncomeExpensesNet": -292000000,
        "incomeBeforeTax": 3399000000,
        "incomeBeforeTaxRatio": 0.16614527324274123,
        "incomeTaxExpense": 1222000000,
        "netIncome": 2177000000,
        "netIncomeRatio": 0.10641313911428292,
        "eps": 0.44,
        "epsdiluted": 0.44,
        "weightedAverageShsOut": 4954000000,
        "weightedAverageShsOutDil": 4974000000,
        "link": "https://www.sec.gov/Archives/edgar/data/21344/000002134401000005/0000021344-01-000005-index.html",
        "finalLink": "https://www.sec.gov/Archives/edgar/data/21344/000002134401000005/0000021344-01-000005-0001.txt"
    },
    {
        "date": "1999-12-31",
        "symbol": "KO",
        "reportedCurrency": "USD",
        "cik": "0000021344",
        "fillingDate": "1999-12-31",
        "acceptedDate": "1999-12-30 19:00:00",
        "calendarYear": "1999",
        "period": "FY",
        "revenue": 19805000000,
        "costOfRevenue": 5217000000,
        "grossProfit": 14588000000,
        "grossProfitRatio": 0.7365816712951275,
        "researchAndDevelopmentExpenses": 0,
        "generalAndAdministrativeExpenses": 9814000000,
        "sellingAndMarketingExpenses": 0,
        "sellingGeneralAndAdministrativeExpenses": 9814000000,
        "otherExpenses": 792000000,
        "operatingExpenses": 10606000000,
        "costAndExpenses": 15823000000,
        "interestIncome": 0,
        "interestExpense": 0,
        "depreciationAndAmortization": 792000000,
        "ebitda": 4611000000,
        "ebitdaratio": 0.23281999495077002,
        "operatingIncome": 3982000000,
        "operatingIncomeRatio": 0.2010603382984095,
        "totalOtherIncomeExpensesNet": -163000000,
        "incomeBeforeTax": 3819000000,
        "incomeBeforeTaxRatio": 0.19283009341075485,
        "incomeTaxExpense": 1388000000,
        "netIncome": 2431000000,
        "netIncomeRatio": 0.12274678111587983,
        "eps": 0.49,
        "epsdiluted": 0.49,
        "weightedAverageShsOut": 4938000000,
        "weightedAverageShsOutDil": 4974000000,
        "link": "",
        "finalLink": ""
    },
    {
        "date": "1998-12-31",
        "symbol": "KO",
        "reportedCurrency": "USD",
        "cik": "0000021344",
        "fillingDate": "1999-03-29",
        "acceptedDate": "1999-03-29 00:00:00",
        "calendarYear": "1998",
        "period": "FY",
        "revenue": 18813000000,
        "costOfRevenue": 4917000000,
        "grossProfit": 13896000000,
        "grossProfitRatio": 0.7386381757295487,
        "researchAndDevelopmentExpenses": 0,
        "generalAndAdministrativeExpenses": 8284000000,
        "sellingAndMarketingExpenses": 0,
        "sellingGeneralAndAdministrativeExpenses": 8284000000,
        "otherExpenses": 645000000,
        "operatingExpenses": 8929000000,
        "costAndExpenses": 13846000000,
        "interestIncome": 0,
        "interestExpense": 0,
        "depreciationAndAmortization": 645000000,
        "ebitda": 5843000000,
        "ebitdaratio": 0.31058310742571626,
        "operatingIncome": 4967000000,
        "operatingIncomeRatio": 0.2640195609419019,
        "totalOtherIncomeExpensesNet": 231000000,
        "incomeBeforeTax": 5198000000,
        "incomeBeforeTaxRatio": 0.2762983043640036,
        "incomeTaxExpense": 1665000000,
        "netIncome": 3533000000,
        "netIncomeRatio": 0.18779567320469887,
        "eps": 0.715,
        "epsdiluted": 0.71,
        "weightedAverageShsOut": 4934000000,
        "weightedAverageShsOutDil": 4992000000,
        "link": "https://www.sec.gov/Archives/edgar/data/21344/000002134499000005/0000021344-99-000005-index.html",
        "finalLink": "https://www.sec.gov/Archives/edgar/data/21344/0000021344-99-000005.txt"
    },
    {
        "date": "1997-12-31",
        "symbol": "KO",
        "reportedCurrency": "USD",
        "cik": "0000021344",
        "fillingDate": "1998-03-09",
        "acceptedDate": "1998-03-09 00:00:00",
        "calendarYear": "1997",
        "period": "FY",
        "revenue": 18868000000,
        "costOfRevenue": 5389000000,
        "grossProfit": 13479000000,
        "grossProfitRatio": 0.7143841424634302,
        "researchAndDevelopmentExpenses": 0,
        "generalAndAdministrativeExpenses": 7852000000,
        "sellingAndMarketingExpenses": 0,
        "sellingGeneralAndAdministrativeExpenses": 7852000000,
        "otherExpenses": 626000000,
        "operatingExpenses": 8478000000,
        "costAndExpenses": 13867000000,
        "interestIncome": 0,
        "interestExpense": 0,
        "depreciationAndAmortization": 626000000,
        "ebitda": 6681000000,
        "ebitdaratio": 0.35409158363366544,
        "operatingIncome": 5001000000,
        "operatingIncomeRatio": 0.26505193979224084,
        "totalOtherIncomeExpensesNet": 1054000000,
        "incomeBeforeTax": 6055000000,
        "incomeBeforeTaxRatio": 0.3209137163451346,
        "incomeTaxExpense": 1926000000,
        "netIncome": 4129000000,
        "netIncomeRatio": 0.21883612465550137,
        "eps": 0.835,
        "epsdiluted": 0.82,
        "weightedAverageShsOut": 4954000000,
        "weightedAverageShsOutDil": 5030000000,
        "link": "https://www.sec.gov/Archives/edgar/data/21344/000002134498000004/0000021344-98-000004-index.html",
        "finalLink": "https://www.sec.gov/Archives/edgar/data/21344/0000021344-98-000004.txt"
    },
    {
        "date": "1996-12-31",
        "symbol": "KO",
        "reportedCurrency": "USD",
        "cik": "0000021344",
        "fillingDate": "1996-12-31",
        "acceptedDate": "1996-12-30 19:00:00",
        "calendarYear": "1996",
        "period": "FY",
        "revenue": 18546000000,
        "costOfRevenue": 6259000000,
        "grossProfit": 12287000000,
        "grossProfitRatio": 0.6625148279952551,
        "researchAndDevelopmentExpenses": 0,
        "generalAndAdministrativeExpenses": 7893000000,
        "sellingAndMarketingExpenses": 0,
        "sellingGeneralAndAdministrativeExpenses": 7893000000,
        "otherExpenses": 479000000,
        "operatingExpenses": 8372000000,
        "costAndExpenses": 14631000000,
        "interestIncome": 0,
        "interestExpense": 0,
        "depreciationAndAmortization": 479000000,
        "ebitda": 5075000000,
        "ebitdaratio": 0.27364391243394803,
        "operatingIncome": 3915000000,
        "operatingIncomeRatio": 0.21109673244904562,
        "totalOtherIncomeExpensesNet": 681000000,
        "incomeBeforeTax": 4596000000,
        "incomeBeforeTaxRatio": 0.24781624069880298,
        "incomeTaxExpense": 1104000000,
        "netIncome": 3492000000,
        "netIncomeRatio": 0.18828857974765448,
        "eps": 0.7,
        "epsdiluted": 0.7,
        "weightedAverageShsOut": 4988000000,
        "weightedAverageShsOutDil": 4994000000,
        "link": "",
        "finalLink": ""
    },
    {
        "date": "1995-12-31",
        "symbol": "KO",
        "reportedCurrency": "USD",
        "cik": "0000021344",
        "fillingDate": "1995-12-31",
        "acceptedDate": "1995-12-30 19:00:00",
        "calendarYear": "1995",
        "period": "FY",
        "revenue": 18018000000,
        "costOfRevenue": 6486000000,
        "grossProfit": 11532000000,
        "grossProfitRatio": 0.64002664002664,
        "researchAndDevelopmentExpenses": 0,
        "generalAndAdministrativeExpenses": 6986000000,
        "sellingAndMarketingExpenses": 0,
        "sellingGeneralAndAdministrativeExpenses": 6986000000,
        "otherExpenses": 454000000,
        "operatingExpenses": 7440000000,
        "costAndExpenses": 13926000000,
        "interestIncome": 0,
        "interestExpense": 0,
        "depreciationAndAmortization": 454000000,
        "ebitda": 4782000000,
        "ebitdaratio": 0.2654012654012654,
        "operatingIncome": 4092000000,
        "operatingIncomeRatio": 0.2271062271062271,
        "totalOtherIncomeExpensesNet": 236000000,
        "incomeBeforeTax": 4328000000,
        "incomeBeforeTaxRatio": 0.2402042402042402,
        "incomeTaxExpense": 1342000000,
        "netIncome": 2986000000,
        "netIncomeRatio": 0.16572316572316573,
        "eps": 0.5925,
        "epsdiluted": 0.5925,
        "weightedAverageShsOut": 5048000000,
        "weightedAverageShsOutDil": 5064000000,
        "link": "",
        "finalLink": ""
    },
    {
        "date": "1994-12-31",
        "symbol": "KO",
        "reportedCurrency": "USD",
        "cik": "0000021344",
        "fillingDate": "1995-03-13",
        "acceptedDate": "1995-03-12 19:00:00",
        "calendarYear": "1994",
        "period": "FY",
        "revenue": 16172000000,
        "costOfRevenue": 5756000000,
        "grossProfit": 10416000000,
        "grossProfitRatio": 0.644076181053673,
        "researchAndDevelopmentExpenses": 0,
        "generalAndAdministrativeExpenses": 6297000000,
        "sellingAndMarketingExpenses": 0,
        "sellingGeneralAndAdministrativeExpenses": 6297000000,
        "otherExpenses": 411000000,
        "operatingExpenses": 6708000000,
        "costAndExpenses": 12464000000,
        "interestIncome": 0,
        "interestExpense": 0,
        "depreciationAndAmortization": 411000000,
        "ebitda": 4139000000,
        "ebitdaratio": 0.25593618600049467,
        "operatingIncome": 3708000000,
        "operatingIncomeRatio": 0.2292851842691071,
        "totalOtherIncomeExpensesNet": 20000000,
        "incomeBeforeTax": 3728000000,
        "incomeBeforeTaxRatio": 0.23052188968587684,
        "incomeTaxExpense": 1174000000,
        "netIncome": 2554000000,
        "netIncomeRatio": 0.15792728172149395,
        "eps": 0.495,
        "epsdiluted": 0.495,
        "weightedAverageShsOut": 5160000000,
        "weightedAverageShsOutDil": 5172000000,
        "link": "https://www.sec.gov/Archives/edgar/data/21344/0000021344-95-000007-index.html",
        "finalLink": "https://www.sec.gov/Archives/edgar/data/21344/"
    },
    {
        "date": "1993-12-31",
        "symbol": "KO",
        "reportedCurrency": "USD",
        "cik": "0000021344",
        "fillingDate": "1993-12-31",
        "acceptedDate": "1993-12-30 19:00:00",
        "calendarYear": "1993",
        "period": "FY",
        "revenue": 13957000000,
        "costOfRevenue": 4800000000,
        "grossProfit": 9157000000,
        "grossProfitRatio": 0.656086551551193,
        "researchAndDevelopmentExpenses": 0,
        "generalAndAdministrativeExpenses": 0,
        "sellingAndMarketingExpenses": 0,
        "sellingGeneralAndAdministrativeExpenses": 5695000000,
        "otherExpenses": 360000000,
        "operatingExpenses": 6055000000,
        "costAndExpenses": 10855000000,
        "interestIncome": 0,
        "interestExpense": 0,
        "depreciationAndAmortization": 360000000,
        "ebitda": 3533000000,
        "ebitdaratio": 0.2531346277853407,
        "operatingIncome": 3102000000,
        "operatingIncomeRatio": 0.22225406606004156,
        "totalOtherIncomeExpensesNet": 83000000,
        "incomeBeforeTax": 3185000000,
        "incomeBeforeTaxRatio": 0.22820090277280217,
        "incomeTaxExpense": 997000000,
        "netIncome": 2176000000,
        "netIncomeRatio": 0.1559074299634592,
        "eps": 0.42,
        "epsdiluted": 0.415,
        "weightedAverageShsOut": 5180952381,
        "weightedAverageShsOutDil": 5243373494,
        "link": "",
        "finalLink": ""
    },
    {
        "date": "1992-12-31",
        "symbol": "KO",
        "reportedCurrency": "USD",
        "cik": "0000021344",
        "fillingDate": "1992-12-31",
        "acceptedDate": "1992-12-30 19:00:00",
        "calendarYear": "1992",
        "period": "FY",
        "revenue": 13073900000,
        "costOfRevenue": 4732500000,
        "grossProfit": 8341400000,
        "grossProfitRatio": 0.6380192597465179,
        "researchAndDevelopmentExpenses": 0,
        "generalAndAdministrativeExpenses": 0,
        "sellingAndMarketingExpenses": 0,
        "sellingGeneralAndAdministrativeExpenses": 5249400000,
        "otherExpenses": 321900000,
        "operatingExpenses": 5571300000,
        "costAndExpenses": 10303800000,
        "interestIncome": 0,
        "interestExpense": 0,
        "depreciationAndAmortization": 321900000,
        "ebitda": 2848600000,
        "ebitdaratio": 0.21788448741385508,
        "operatingIncome": 2770100000,
        "operatingIncomeRatio": 0.21188015817774344,
        "totalOtherIncomeExpensesNet": -24000000,
        "incomeBeforeTax": 2746100000,
        "incomeBeforeTaxRatio": 0.21004443968517428,
        "incomeTaxExpense": 862300000,
        "netIncome": 1664400000,
        "netIncomeRatio": 0.12730707745967157,
        "eps": 0.315,
        "epsdiluted": 0.31,
        "weightedAverageShsOut": 5283809524,
        "weightedAverageShsOutDil": 5369032258,
        "link": "",
        "finalLink": ""
    },
    {
        "date": "1991-12-31",
        "symbol": "KO",
        "reportedCurrency": "USD",
        "cik": "0000021344",
        "fillingDate": "1991-12-31",
        "acceptedDate": "1991-12-30 19:00:00",
        "calendarYear": "1991",
        "period": "FY",
        "revenue": 11571600000,
        "costOfRevenue": 4387000000,
        "grossProfit": 7184600000,
        "grossProfitRatio": 0.6208821597704726,
        "researchAndDevelopmentExpenses": 0,
        "generalAndAdministrativeExpenses": 0,
        "sellingAndMarketingExpenses": 0,
        "sellingGeneralAndAdministrativeExpenses": 4604200000,
        "otherExpenses": 261400000,
        "operatingExpenses": 4865600000,
        "costAndExpenses": 9252600000,
        "interestIncome": 0,
        "interestExpense": 0,
        "depreciationAndAmortization": 261400000,
        "ebitda": 2644700000,
        "ebitdaratio": 0.22855093504787583,
        "operatingIncome": 2319000000,
        "operatingIncomeRatio": 0.20040443845276365,
        "totalOtherIncomeExpensesNet": 64300000,
        "incomeBeforeTax": 2383300000,
        "incomeBeforeTaxRatio": 0.2059611462546234,
        "incomeTaxExpense": 765300000,
        "netIncome": 1618000000,
        "netIncomeRatio": 0.139825089011027,
        "eps": 0.305,
        "epsdiluted": 0.3,
        "weightedAverageShsOut": 5303278689,
        "weightedAverageShsOutDil": 5391666667,
        "link": "",
        "finalLink": ""
    },
    {
        "date": "1990-12-31",
        "symbol": "KO",
        "reportedCurrency": "USD",
        "cik": "0000021344",
        "fillingDate": "1990-12-31",
        "acceptedDate": "1990-12-30 19:00:00",
        "calendarYear": "1990",
        "period": "FY",
        "revenue": 10236400000,
        "costOfRevenue": 3965000000,
        "grossProfit": 6271400000,
        "grossProfitRatio": 0.6126567934039311,
        "researchAndDevelopmentExpenses": 0,
        "generalAndAdministrativeExpenses": 0,
        "sellingAndMarketingExpenses": 0,
        "sellingGeneralAndAdministrativeExpenses": 4075900000,
        "otherExpenses": 243900000,
        "operatingExpenses": 4319800000,
        "costAndExpenses": 8284800000,
        "interestIncome": 0,
        "interestExpense": 0,
        "depreciationAndAmortization": 243900000,
        "ebitda": 2258300000,
        "ebitdaratio": 0.22061466921964754,
        "operatingIncome": 1951600000,
        "operatingIncomeRatio": 0.19065296393263256,
        "totalOtherIncomeExpensesNet": 62800000,
        "incomeBeforeTax": 2014400000,
        "incomeBeforeTaxRatio": 0.19678793325778593,
        "incomeTaxExpense": 632500000,
        "netIncome": 1381900000,
        "netIncomeRatio": 0.1349986323316791,
        "eps": 0.255,
        "epsdiluted": 0.25,
        "weightedAverageShsOut": 5347843137,
        "weightedAverageShsOutDil": 5454800000,
        "link": "",
        "finalLink": ""
    },
    {
        "date": "1989-12-31",
        "symbol": "KO",
        "reportedCurrency": "USD",
        "cik": "0000021344",
        "fillingDate": "1989-12-31",
        "acceptedDate": "1989-12-30 19:00:00",
        "calendarYear": "1989",
        "period": "FY",
        "revenue": 8965800000,
        "costOfRevenue": 3708300000,
        "grossProfit": 5257500000,
        "grossProfitRatio": 0.5863949675433313,
        "researchAndDevelopmentExpenses": 0,
        "generalAndAdministrativeExpenses": 0,
        "sellingAndMarketingExpenses": 0,
        "sellingGeneralAndAdministrativeExpenses": 3347900000,
        "otherExpenses": 183800000,
        "operatingExpenses": 3531700000,
        "costAndExpenses": 7240000000,
        "interestIncome": 0,
        "interestExpense": 0,
        "depreciationAndAmortization": 183800000,
        "ebitda": 1969600000,
        "ebitdaratio": 0.21967922550134958,
        "operatingIncome": 1725800000,
        "operatingIncomeRatio": 0.19248700617903589,
        "totalOtherIncomeExpensesNet": 38500000,
        "incomeBeforeTax": 1764300000,
        "incomeBeforeTaxRatio": 0.19678110151910594,
        "incomeTaxExpense": 571500000,
        "netIncome": 1214300000,
        "netIncomeRatio": 0.13543688237524817,
        "eps": 0.275,
        "epsdiluted": 0.27,
        "weightedAverageShsOut": 4337818182,
        "weightedAverageShsOutDil": 4418148148,
        "link": "",
        "finalLink": ""
    },
    {
        "date": "1988-12-31",
        "symbol": "KO",
        "reportedCurrency": "USD",
        "cik": "0000021344",
        "fillingDate": "1988-12-31",
        "acceptedDate": "1988-12-30 19:00:00",
        "calendarYear": "1988",
        "period": "FY",
        "revenue": 8337800000,
        "costOfRevenue": 3531700000,
        "grossProfit": 4806100000,
        "grossProfitRatio": 0.5764230372520329,
        "researchAndDevelopmentExpenses": 0,
        "generalAndAdministrativeExpenses": 0,
        "sellingAndMarketingExpenses": 0,
        "sellingGeneralAndAdministrativeExpenses": 3038100000,
        "otherExpenses": 169800000,
        "operatingExpenses": 3207900000,
        "costAndExpenses": 6739600000,
        "interestIncome": 0,
        "interestExpense": 0,
        "depreciationAndAmortization": 0,
        "ebitda": 1582100000,
        "ebitdaratio": 0.18975029384250042,
        "operatingIncome": 1598200000,
        "operatingIncomeRatio": 0.19168125884525894,
        "totalOtherIncomeExpensesNet": -16100000,
        "incomeBeforeTax": 1582100000,
        "incomeBeforeTaxRatio": 0.18975029384250042,
        "incomeTaxExpense": 537400000,
        "netIncome": 1044700000,
        "netIncomeRatio": 0.1252968408932812,
        "eps": 0.18,
        "epsdiluted": 0.175,
        "weightedAverageShsOut": 5768333333,
        "weightedAverageShsOutDil": 5933142857,
        "link": "",
        "finalLink": ""
    },
    {
        "date": "1987-12-31",
        "symbol": "KO",
        "reportedCurrency": "USD",
        "cik": "0000021344",
        "fillingDate": "1987-12-31",
        "acceptedDate": "1987-12-30 19:00:00",
        "calendarYear": "1987",
        "period": "FY",
        "revenue": 7658300000,
        "costOfRevenue": 3481300000,
        "grossProfit": 4177000000,
        "grossProfitRatio": 0.5454213076009036,
        "researchAndDevelopmentExpenses": 0,
        "generalAndAdministrativeExpenses": 0,
        "sellingAndMarketingExpenses": 0,
        "sellingGeneralAndAdministrativeExpenses": 2665000000,
        "otherExpenses": 151900000,
        "operatingExpenses": 2816900000,
        "costAndExpenses": 6298200000,
        "interestIncome": 0,
        "interestExpense": 0,
        "depreciationAndAmortization": 0,
        "ebitda": 1410100000,
        "ebitdaratio": 0.1841270255800896,
        "operatingIncome": 1360100000,
        "operatingIncomeRatio": 0.17759816147186713,
        "totalOtherIncomeExpensesNet": 50000000,
        "incomeBeforeTax": 1410100000,
        "incomeBeforeTaxRatio": 0.1841270255800896,
        "incomeTaxExpense": 494000000,
        "netIncome": 916100000,
        "netIncomeRatio": 0.11962184819085175,
        "eps": 0.155,
        "epsdiluted": 0.155,
        "weightedAverageShsOut": 5910322581,
        "weightedAverageShsOutDil": 5910322581,
        "link": "",
        "finalLink": ""
    },
    {
        "date": "1986-12-31",
        "symbol": "KO",
        "reportedCurrency": "USD",
        "cik": "0000021344",
        "fillingDate": "1986-12-31",
        "acceptedDate": "1986-12-30 19:00:00",
        "calendarYear": "1986",
        "period": "FY",
        "revenue": 8668600000,
        "costOfRevenue": 4232500000,
        "grossProfit": 4436100000,
        "grossProfitRatio": 0.511743534134693,
        "researchAndDevelopmentExpenses": 0,
        "generalAndAdministrativeExpenses": 0,
        "sellingAndMarketingExpenses": 0,
        "sellingGeneralAndAdministrativeExpenses": 2879300000,
        "otherExpenses": 411700000,
        "operatingExpenses": 3291000000,
        "costAndExpenses": 7523500000,
        "interestIncome": 0,
        "interestExpense": 0,
        "depreciationAndAmortization": 0,
        "ebitda": 1511200000,
        "ebitdaratio": 0.17433034169300696,
        "operatingIncome": 1145100000,
        "operatingIncomeRatio": 0.13209745518307456,
        "totalOtherIncomeExpensesNet": 366100000,
        "incomeBeforeTax": 1511200000,
        "incomeBeforeTaxRatio": 0.17433034169300696,
        "incomeTaxExpense": 576900000,
        "netIncome": 934300000,
        "netIncomeRatio": 0.10777980296703044,
        "eps": 0.155,
        "epsdiluted": 0.155,
        "weightedAverageShsOut": 6027741935,
        "weightedAverageShsOutDil": 6027741935,
        "link": "",
        "finalLink": ""
    },
    {
        "date": "1985-12-31",
        "symbol": "KO",
        "reportedCurrency": "USD",
        "cik": "0000021344",
        "fillingDate": "1985-12-31",
        "acceptedDate": "1985-12-30 19:00:00",
        "calendarYear": "1985",
        "period": "FY",
        "revenue": 7903900000,
        "costOfRevenue": 3876500000,
        "grossProfit": 4027400000,
        "grossProfitRatio": 0.5095459203684257,
        "researchAndDevelopmentExpenses": 0,
        "generalAndAdministrativeExpenses": 0,
        "sellingAndMarketingExpenses": 0,
        "sellingGeneralAndAdministrativeExpenses": 2664900000,
        "otherExpenses": 317100000,
        "operatingExpenses": 2982000000,
        "costAndExpenses": 6858500000,
        "interestIncome": 0,
        "interestExpense": 0,
        "depreciationAndAmortization": 0,
        "ebitda": 1137600000,
        "ebitdaratio": 0.14392894646946444,
        "operatingIncome": 1045400000,
        "operatingIncomeRatio": 0.13226381912726629,
        "totalOtherIncomeExpensesNet": 47500000,
        "incomeBeforeTax": 1092900000,
        "incomeBeforeTaxRatio": 0.13827351054542694,
        "incomeTaxExpense": 415300000,
        "netIncome": 722300000,
        "netIncomeRatio": 0.09138526550184087,
        "eps": 0.12,
        "epsdiluted": 0.12,
        "weightedAverageShsOut": 6019166667,
        "weightedAverageShsOutDil": 6019166667,
        "link": "",
        "finalLink": ""
    }
]