[
    {
        "date": "2021-12-31",
        "symbol": "MA",
        "reportedCurrency": "USD",
        "cik": "0001141391",
        "fillingDate": "2022-02-11",
        "acceptedDate": "2022-02-11 09:52:16",
        "calendarYear": "2021",
        "period": "FY",
        "revenue": 18884000000,
        "costOfRevenue": 4489000000,
        "grossProfit": 14395000000,
        "grossProfitRatio": 0.7622855327261173,
        "researchAndDevelopmentExpenses": 0,
        "generalAndAdministrativeExpenses": 2547000000,
        "sellingAndMarketingExpenses": 895000000,
        "sellingGeneralAndAdministrativeExpenses": 3442000000,
        "otherExpenses": 726000000,
        "operatingExpenses": 4168000000,
        "costAndExpenses": 8657000000,
        "interestIncome": null,
        "interestExpense": 431000000,
        "depreciationAndAmortization": 726000000,
        "ebitda": 11464000000,
        "ebitdaratio": 0.6070747722940055,
        "operatingIncome": 10082000000,
        "operatingIncomeRatio": 0.5338911247617031,
        "totalOtherIncomeExpensesNet": 225000000,
        "incomeBeforeTax": 10307000000,
        "incomeBeforeTaxRatio": 0.5458059733107392,
        "incomeTaxExpense": 1620000000,
        "netIncome": 8687000000,
        "netIncomeRatio": 0.4600190637576785,
        "eps": 8.810344827586206,
        "epsdiluted": 8.774747474747475,
        "weightedAverageShsOut": 1002000000,
        "weightedAverageShsOutDil": 1006000000,
        "link": "https://www.sec.gov/Archives/edgar/data/1141391/000114139122000023/0001141391-22-000023-index.htm",
        "finalLink": "https://www.sec.gov/Archives/edgar/data/1141391/000114139122000023/ma-20211231.htm"
    },
    {
        "date": "2020-12-31",
        "symbol": "MA",
        "reportedCurrency": "USD",
        "cik": "0001141391",
        "fillingDate": "2021-02-12",
        "acceptedDate": "2021-02-12 10:44:10",
        "calendarYear": "2020",
        "period": "FY",
        "revenue": 15301000000,
        "costOfRevenue": 3787000000,
        "grossProfit": 11514000000,
        "grossProfitRatio": 0.7524998366119862,
        "researchAndDevelopmentExpenses": 0,
        "generalAndAdministrativeExpenses": 2114000000,
        "sellingAndMarketingExpenses": 657000000,
        "sellingGeneralAndAdministrativeExpenses": 2771000000,
        "otherExpenses": 580000000,
        "operatingExpenses": 3351000000,
        "costAndExpenses": 7138000000,
        "interestIncome": 0,
        "interestExpense": 380000000,
        "depreciationAndAmortization": 580000000,
        "ebitda": 8720000000,
        "ebitdaratio": 0.5698973923272989,
        "operatingIncome": 8081000000,
        "operatingIncomeRatio": 0.5281354159858833,
        "totalOtherIncomeExpensesNet": -321000000,
        "incomeBeforeTax": 7760000000,
        "incomeBeforeTaxRatio": 0.5071563950068623,
        "incomeTaxExpense": 1349000000,
        "netIncome": 6411000000,
        "netIncomeRatio": 0.4189922227305405,
        "eps": 6.4,
        "epsdiluted": 6.37,
        "weightedAverageShsOut": 1002000000,
        "weightedAverageShsOutDil": 1006000000,
        "link": "https://www.sec.gov/Archives/edgar/data/1141391/000114139121000018/0001141391-21-000018-index.htm",
        "finalLink": "https://www.sec.gov/Archives/edgar/data/1141391/000114139121000018/ma-20201231.htm"
    },
    {
        "date": "2019-12-31",
        "symbol": "MA",
        "reportedCurrency": "USD",
        "cik": "0001141391",
        "fillingDate": "2020-02-14",
        "acceptedDate": "2020-02-14 09:29:40",
        "calendarYear": "2019",
        "period": "FY",
        "revenue": 16883000000,
        "costOfRevenue": 3537000000,
        "grossProfit": 13346000000,
        "grossProfitRatio": 0.7904993188414381,
        "researchAndDevelopmentExpenses": 0,
        "generalAndAdministrativeExpenses": 5731000000,
        "sellingAndMarketingExpenses": 934000000,
        "sellingGeneralAndAdministrativeExpenses": 6665000000,
        "otherExpenses": 522000000,
        "operatingExpenses": 7187000000,
        "costAndExpenses": 10724000000,
        "interestIncome": 0,
        "interestExpense": 224000000,
        "depreciationAndAmortization": 522000000,
        "ebitda": 10477000000,
        "ebitdaratio": 0.6205650654504531,
        "operatingIncome": 9664000000,
        "operatingIncomeRatio": 0.5724101166854232,
        "totalOtherIncomeExpensesNet": 67000000,
        "incomeBeforeTax": 9731000000,
        "incomeBeforeTaxRatio": 0.5763786056980394,
        "incomeTaxExpense": 1613000000,
        "netIncome": 8118000000,
        "netIncomeRatio": 0.48083871349878576,
        "eps": 7.98,
        "epsdiluted": 7.94,
        "weightedAverageShsOut": 1017000000,
        "weightedAverageShsOutDil": 1022000000,
        "link": "https://www.sec.gov/Archives/edgar/data/1141391/000114139120000032/0001141391-20-000032-index.html",
        "finalLink": "https://www.sec.gov/Archives/edgar/data/1141391/000114139120000032/ma12312019-10xk.htm"
    },
    {
        "date": "2018-12-31",
        "symbol": "MA",
        "reportedCurrency": "USD",
        "cik": "0001141391",
        "fillingDate": "2019-02-13",
        "acceptedDate": "2019-02-13 10:03:54",
        "calendarYear": "2018",
        "period": "FY",
        "revenue": 14950000000,
        "costOfRevenue": 3214000000,
        "grossProfit": 11736000000,
        "grossProfitRatio": 0.7850167224080268,
        "researchAndDevelopmentExpenses": 0,
        "generalAndAdministrativeExpenses": 5210000000,
        "sellingAndMarketingExpenses": 907000000,
        "sellingGeneralAndAdministrativeExpenses": 6117000000,
        "otherExpenses": 459000000,
        "operatingExpenses": 6576000000,
        "costAndExpenses": 9790000000,
        "interestIncome": 0,
        "interestExpense": 186000000,
        "depreciationAndAmortization": 459000000,
        "ebitda": 7849000000,
        "ebitdaratio": 0.5250167224080268,
        "operatingIncome": 7282000000,
        "operatingIncomeRatio": 0.4870903010033445,
        "totalOtherIncomeExpensesNet": -78000000,
        "incomeBeforeTax": 7204000000,
        "incomeBeforeTaxRatio": 0.48187290969899665,
        "incomeTaxExpense": 1345000000,
        "netIncome": 5859000000,
        "netIncomeRatio": 0.3919063545150502,
        "eps": 5.63,
        "epsdiluted": 5.6,
        "weightedAverageShsOut": 1041000000,
        "weightedAverageShsOutDil": 1047000000,
        "link": "https://www.sec.gov/Archives/edgar/data/1141391/000114139119000013/0001141391-19-000013-index.html",
        "finalLink": "https://www.sec.gov/Archives/edgar/data/1141391/000114139119000013/ma12312018-10xk.htm"
    },
    {
        "date": "2017-12-31",
        "symbol": "MA",
        "reportedCurrency": "USD",
        "cik": "0001141391",
        "fillingDate": "2018-02-14",
        "acceptedDate": "2018-02-14 12:37:09",
        "calendarYear": "2017",
        "period": "FY",
        "revenue": 12497000000,
        "costOfRevenue": 2687000000,
        "grossProfit": 9810000000,
        "grossProfitRatio": 0.7849883972153316,
        "researchAndDevelopmentExpenses": 0,
        "generalAndAdministrativeExpenses": 4420000000,
        "sellingAndMarketingExpenses": 898000000,
        "sellingGeneralAndAdministrativeExpenses": 5318000000,
        "otherExpenses": 436000000,
        "operatingExpenses": 5754000000,
        "costAndExpenses": 8441000000,
        "interestIncome": 0,
        "interestExpense": 154000000,
        "depreciationAndAmortization": 437000000,
        "ebitda": 7113000000,
        "ebitdaratio": 0.5691766023845723,
        "operatingIncome": 6622000000,
        "operatingIncomeRatio": 0.5298871729215011,
        "totalOtherIncomeExpensesNet": -100000000,
        "incomeBeforeTax": 6522000000,
        "incomeBeforeTaxRatio": 0.5218852524605906,
        "incomeTaxExpense": 2607000000,
        "netIncome": 3915000000,
        "netIncomeRatio": 0.3132751860446507,
        "eps": 3.67,
        "epsdiluted": 3.65,
        "weightedAverageShsOut": 1067000000,
        "weightedAverageShsOutDil": 1072000000,
        "link": "https://www.sec.gov/Archives/edgar/data/1141391/000114139118000009/0001141391-18-000009-index.html",
        "finalLink": "https://www.sec.gov/Archives/edgar/data/1141391/000114139118000009/ma12312017-10xk.htm"
    },
    {
        "date": "2016-12-31",
        "symbol": "MA",
        "reportedCurrency": "USD",
        "cik": "0001141391",
        "fillingDate": "2017-02-15",
        "acceptedDate": "2017-02-15 10:22:25",
        "calendarYear": "2016",
        "period": "FY",
        "revenue": 10776000000,
        "costOfRevenue": 2225000000,
        "grossProfit": 8551000000,
        "grossProfitRatio": 0.7935226429101707,
        "researchAndDevelopmentExpenses": 0,
        "generalAndAdministrativeExpenses": 3680000000,
        "sellingAndMarketingExpenses": 811000000,
        "sellingGeneralAndAdministrativeExpenses": 4491000000,
        "otherExpenses": 373000000,
        "operatingExpenses": 4864000000,
        "costAndExpenses": 7089000000,
        "interestIncome": 0,
        "interestExpense": 95000000,
        "depreciationAndAmortization": 373000000,
        "ebitda": 6114000000,
        "ebitdaratio": 0.5673719376391982,
        "operatingIncome": 5761000000,
        "operatingIncomeRatio": 0.5346139569413512,
        "totalOtherIncomeExpensesNet": -115000000,
        "incomeBeforeTax": 5646000000,
        "incomeBeforeTaxRatio": 0.5239420935412027,
        "incomeTaxExpense": 1587000000,
        "netIncome": 4059000000,
        "netIncomeRatio": 0.3766703786191537,
        "eps": 3.7,
        "epsdiluted": 3.69,
        "weightedAverageShsOut": 1098000000,
        "weightedAverageShsOutDil": 1101000000,
        "link": "https://www.sec.gov/Archives/edgar/data/1141391/000114139117000014/0001141391-17-000014-index.html",
        "finalLink": "https://www.sec.gov/Archives/edgar/data/1141391/000114139117000014/ma12312016-10xk.htm"
    },
    {
        "date": "2015-12-31",
        "symbol": "MA",
        "reportedCurrency": "USD",
        "cik": "0001141391",
        "fillingDate": "2016-02-12",
        "acceptedDate": "2016-02-12 10:42:08",
        "calendarYear": "2015",
        "period": "FY",
        "revenue": 9667000000,
        "costOfRevenue": 2105000000,
        "grossProfit": 7562000000,
        "grossProfitRatio": 0.7822488879693804,
        "researchAndDevelopmentExpenses": 0,
        "generalAndAdministrativeExpenses": 3423000000,
        "sellingAndMarketingExpenses": 821000000,
        "sellingGeneralAndAdministrativeExpenses": 4244000000,
        "otherExpenses": 366000000,
        "operatingExpenses": 4610000000,
        "costAndExpenses": 6715000000,
        "interestIncome": 0,
        "interestExpense": 61000000,
        "depreciationAndAmortization": 366000000,
        "ebitda": 5385000000,
        "ebitdaratio": 0.5570497569049343,
        "operatingIncome": 5078000000,
        "operatingIncomeRatio": 0.5252922313023689,
        "totalOtherIncomeExpensesNet": -120000000,
        "incomeBeforeTax": 4958000000,
        "incomeBeforeTaxRatio": 0.5128788662459915,
        "incomeTaxExpense": 1150000000,
        "netIncome": 3808000000,
        "netIncomeRatio": 0.3939174511223751,
        "eps": 3.36,
        "epsdiluted": 3.35,
        "weightedAverageShsOut": 1134000000,
        "weightedAverageShsOutDil": 1137000000,
        "link": "https://www.sec.gov/Archives/edgar/data/1141391/000114139116000085/0001141391-16-000085-index.html",
        "finalLink": "https://www.sec.gov/Archives/edgar/data/1141391/000114139116000085/ma12312015-10xk.htm"
    },
    {
        "date": "2014-12-31",
        "symbol": "MA",
        "reportedCurrency": "USD",
        "cik": "0001141391",
        "fillingDate": "2015-02-13",
        "acceptedDate": "2015-02-13 10:23:56",
        "calendarYear": "2014",
        "period": "FY",
        "revenue": 9473000000,
        "costOfRevenue": 2064000000,
        "grossProfit": 7409000000,
        "grossProfitRatio": 0.7821175973820331,
        "researchAndDevelopmentExpenses": 0,
        "generalAndAdministrativeExpenses": 3214000000,
        "sellingAndMarketingExpenses": 862000000,
        "sellingGeneralAndAdministrativeExpenses": 4076000000,
        "otherExpenses": 321000000,
        "operatingExpenses": 4397000000,
        "costAndExpenses": 6461000000,
        "interestIncome": 26000000,
        "interestExpense": 48000000,
        "depreciationAndAmortization": 321000000,
        "ebitda": 5448000000,
        "ebitdaratio": 0.575108202259052,
        "operatingIncome": 5106000000,
        "operatingIncomeRatio": 0.5390055948485168,
        "totalOtherIncomeExpensesNet": -27000000,
        "incomeBeforeTax": 5079000000,
        "incomeBeforeTaxRatio": 0.5361553890003167,
        "incomeTaxExpense": 1462000000,
        "netIncome": 3617000000,
        "netIncomeRatio": 0.38182202047925684,
        "eps": 3.11,
        "epsdiluted": 3.1,
        "weightedAverageShsOut": 1165000000,
        "weightedAverageShsOutDil": 1169000000,
        "link": "https://www.sec.gov/Archives/edgar/data/1141391/000114139115000011/ma12312014-10xk.htm",
        "finalLink": "https://www.sec.gov/Archives/edgar/data/1141391/000114139115000011/ma12312014-10xk.htm"
    },
    {
        "date": "2013-12-31",
        "symbol": "MA",
        "reportedCurrency": "USD",
        "cik": "0001141391",
        "fillingDate": "2014-02-14",
        "acceptedDate": "2014-02-14 11:26:02",
        "calendarYear": "2013",
        "period": "FY",
        "revenue": 8346000000,
        "costOfRevenue": 1739000000,
        "grossProfit": 6607000000,
        "grossProfitRatio": 0.7916367121974599,
        "researchAndDevelopmentExpenses": 0,
        "generalAndAdministrativeExpenses": 2647000000,
        "sellingAndMarketingExpenses": 841000000,
        "sellingGeneralAndAdministrativeExpenses": 3488000000,
        "otherExpenses": 258000000,
        "operatingExpenses": 3746000000,
        "costAndExpenses": 5485000000,
        "interestIncome": 33000000,
        "interestExpense": 14000000,
        "depreciationAndAmortization": 258000000,
        "ebitda": 4772000000,
        "ebitdaratio": 0.5717709082195064,
        "operatingIncome": 4503000000,
        "operatingIncomeRatio": 0.5395398993529834,
        "totalOtherIncomeExpensesNet": -3000000,
        "incomeBeforeTax": 4500000000,
        "incomeBeforeTaxRatio": 0.5391804457225018,
        "incomeTaxExpense": 1384000000,
        "netIncome": 3116000000,
        "netIncomeRatio": 0.3733525041936257,
        "eps": 0.257,
        "epsdiluted": 0.256,
        "weightedAverageShsOut": 12110000000,
        "weightedAverageShsOutDil": 12150000000,
        "link": "https://www.sec.gov/Archives/edgar/data/1141391/000114139114000003/ma12312013-10xk.htm",
        "finalLink": "https://www.sec.gov/Archives/edgar/data/1141391/000114139114000003/ma12312013-10xk.htm"
    },
    {
        "date": "2012-12-31",
        "symbol": "MA",
        "reportedCurrency": "USD",
        "cik": "0001141391",
        "fillingDate": "2013-02-14",
        "acceptedDate": "2013-02-14 17:02:29",
        "calendarYear": "2012",
        "period": "FY",
        "revenue": 7391000000,
        "costOfRevenue": 1565000000,
        "grossProfit": 5826000000,
        "grossProfitRatio": 0.7882559870112299,
        "researchAndDevelopmentExpenses": 0,
        "generalAndAdministrativeExpenses": 2402000000,
        "sellingAndMarketingExpenses": 775000000,
        "sellingGeneralAndAdministrativeExpenses": 3177000000,
        "otherExpenses": 230000000,
        "operatingExpenses": 3407000000,
        "costAndExpenses": 4972000000,
        "interestIncome": 36000000,
        "interestExpense": 20000000,
        "depreciationAndAmortization": 230000000,
        "ebitda": 4183000000,
        "ebitdaratio": 0.5659585982952239,
        "operatingIncome": 3937000000,
        "operatingIncomeRatio": 0.5326748748477879,
        "totalOtherIncomeExpensesNet": -5000000,
        "incomeBeforeTax": 3932000000,
        "incomeBeforeTaxRatio": 0.5319983764037343,
        "incomeTaxExpense": 1174000000,
        "netIncome": 2759000000,
        "netIncomeRatio": 0.3732918414287647,
        "eps": 2.202,
        "epsdiluted": 2.194,
        "weightedAverageShsOut": 1250000000,
        "weightedAverageShsOutDil": 1260000000,
        "link": "https://www.sec.gov/Archives/edgar/data/1141391/000114139113000003/0001141391-13-000003-index.html",
        "finalLink": "https://www.sec.gov/Archives/edgar/data/1141391/000114139113000003/ma12312012-10xk.htm"
    },
    {
        "date": "2011-12-31",
        "symbol": "MA",
        "reportedCurrency": "USD",
        "cik": "0001141391",
        "fillingDate": "2012-02-16",
        "acceptedDate": "2012-02-16 12:23:37",
        "calendarYear": "2011",
        "period": "FY",
        "revenue": 6714000000,
        "costOfRevenue": 0,
        "grossProfit": 6714000000,
        "grossProfitRatio": 1,
        "researchAndDevelopmentExpenses": 0,
        "generalAndAdministrativeExpenses": 2196000000,
        "sellingAndMarketingExpenses": 841000000,
        "sellingGeneralAndAdministrativeExpenses": 3037000000,
        "otherExpenses": 964000000,
        "operatingExpenses": 4001000000,
        "costAndExpenses": 4001000000,
        "interestIncome": 52000000,
        "interestExpense": 25000000,
        "depreciationAndAmortization": 194000000,
        "ebitda": 2967000000,
        "ebitdaratio": 0.4419124218051832,
        "operatingIncome": 2713000000,
        "operatingIncomeRatio": 0.40408102472445634,
        "totalOtherIncomeExpensesNet": 33000000,
        "incomeBeforeTax": 2746000000,
        "incomeBeforeTaxRatio": 0.40899612749478703,
        "incomeTaxExpense": 842000000,
        "netIncome": 1906000000,
        "netIncomeRatio": 0.2838844206136431,
        "eps": 1.49,
        "epsdiluted": 1.485,
        "weightedAverageShsOut": 1280000000,
        "weightedAverageShsOutDil": 1280000000,
        "link": "https://www.sec.gov/Archives/edgar/data/1141391/000114139112000003/0001141391-12-000003-index.html",
        "finalLink": "https://www.sec.gov/Archives/edgar/data/1141391/000114139112000003/ma12312011-10xk.htm"
    },
    {
        "date": "2010-12-31",
        "symbol": "MA",
        "reportedCurrency": "USD",
        "cik": "0001141391",
        "fillingDate": "2011-02-24",
        "acceptedDate": "2011-02-24 11:04:57",
        "calendarYear": "2010",
        "period": "FY",
        "revenue": 5539000000,
        "costOfRevenue": 0,
        "grossProfit": 5539000000,
        "grossProfitRatio": 1,
        "researchAndDevelopmentExpenses": 0,
        "generalAndAdministrativeExpenses": 1852000000,
        "sellingAndMarketingExpenses": 782000000,
        "sellingGeneralAndAdministrativeExpenses": 2634000000,
        "otherExpenses": 148000000,
        "operatingExpenses": 2782000000,
        "costAndExpenses": 2782000000,
        "interestIncome": 48000000,
        "interestExpense": 52000000,
        "depreciationAndAmortization": 148000000,
        "ebitda": 2956000000,
        "ebitdaratio": 0.5336703376060661,
        "operatingIncome": 2752000000,
        "operatingIncomeRatio": 0.49684058494313055,
        "totalOtherIncomeExpensesNet": 5000000,
        "incomeBeforeTax": 2757000000,
        "incomeBeforeTaxRatio": 0.4977432749593789,
        "incomeTaxExpense": 910000000,
        "netIncome": 1846000000,
        "netIncomeRatio": 0.33327315399891677,
        "eps": 1.41,
        "epsdiluted": 1.405,
        "weightedAverageShsOut": 1310000000,
        "weightedAverageShsOutDil": 1310000000,
        "link": "https://www.sec.gov/Archives/edgar/data/1141391/000119312511044721/d10k.htm",
        "finalLink": "https://www.sec.gov/Archives/edgar/data/1141391/000119312511044721/d10k.htm"
    },
    {
        "date": "2009-12-31",
        "symbol": "MA",
        "reportedCurrency": "USD",
        "cik": "0001141391",
        "fillingDate": "2010-02-18",
        "acceptedDate": "2010-02-18 13:20:56",
        "calendarYear": "2009",
        "period": "FY",
        "revenue": 5098684000,
        "costOfRevenue": 0,
        "grossProfit": 5098684000,
        "grossProfitRatio": 1,
        "researchAndDevelopmentExpenses": 0,
        "generalAndAdministrativeExpenses": 1934974000,
        "sellingAndMarketingExpenses": 755480000,
        "sellingGeneralAndAdministrativeExpenses": 2690454000,
        "otherExpenses": 141377000,
        "operatingExpenses": 2831831000,
        "costAndExpenses": 2831831000,
        "interestIncome": 55911000,
        "interestExpense": 115109000,
        "depreciationAndAmortization": 141377000,
        "ebitda": 2474445000,
        "ebitdaratio": 0.4853105232644345,
        "operatingIncome": 2260108000,
        "operatingIncomeRatio": 0.4432728131415871,
        "totalOtherIncomeExpensesNet": -42057000,
        "incomeBeforeTax": 2218051000,
        "incomeBeforeTaxRatio": 0.4350242140913224,
        "incomeTaxExpense": 755427000,
        "netIncome": 1462532000,
        "netIncomeRatio": 0.2868449976503741,
        "eps": 1.119,
        "epsdiluted": 1.116,
        "weightedAverageShsOut": 1298380000,
        "weightedAverageShsOutDil": 1302320000,
        "link": "https://www.sec.gov/Archives/edgar/data/1141391/000119312510034065/0001193125-10-034065-index.html",
        "finalLink": "https://www.sec.gov/Archives/edgar/data/1141391/000119312510034065/d10k.htm"
    },
    {
        "date": "2008-12-31",
        "symbol": "MA",
        "reportedCurrency": "USD",
        "cik": "0001141391",
        "fillingDate": "2009-02-19",
        "acceptedDate": "2009-02-19 16:06:14",
        "calendarYear": "2008",
        "period": "FY",
        "revenue": 4991600000,
        "costOfRevenue": 0,
        "grossProfit": 4991600000,
        "grossProfitRatio": 1,
        "researchAndDevelopmentExpenses": 0,
        "generalAndAdministrativeExpenses": 1913679000,
        "sellingAndMarketingExpenses": 1017575000,
        "sellingGeneralAndAdministrativeExpenses": 2931254000,
        "otherExpenses": 112006000,
        "operatingExpenses": 3043260000,
        "costAndExpenses": 3043260000,
        "interestIncome": 108757000,
        "interestExpense": 103600000,
        "depreciationAndAmortization": 112006000,
        "ebitda": -167607000,
        "ebitdaratio": -0.033577810722012984,
        "operatingIncome": -534505000,
        "operatingIncomeRatio": -0.1070808959051206,
        "totalOtherIncomeExpensesNet": 151292000,
        "incomeBeforeTax": -383213000,
        "incomeBeforeTaxRatio": -0.0767715762480968,
        "incomeTaxExpense": -129298000,
        "netIncome": -253915000,
        "netIncomeRatio": -0.05086845901113871,
        "eps": -0.195,
        "epsdiluted": -0.195,
        "weightedAverageShsOut": 1301480000,
        "weightedAverageShsOutDil": 1301480000,
        "link": "https://www.sec.gov/Archives/edgar/data/1141391/000119312509033062/0001193125-09-033062-index.html",
        "finalLink": "https://www.sec.gov/Archives/edgar/data/1141391/000119312509033062/d10k.htm"
    },
    {
        "date": "2007-12-31",
        "symbol": "MA",
        "reportedCurrency": "USD",
        "cik": "0001141391",
        "fillingDate": "2008-02-21",
        "acceptedDate": "2008-02-20 20:44:14",
        "calendarYear": "2007",
        "period": "FY",
        "revenue": 4067599000,
        "costOfRevenue": 0,
        "grossProfit": 0,
        "grossProfitRatio": 0,
        "researchAndDevelopmentExpenses": 0,
        "generalAndAdministrativeExpenses": 1758388000,
        "sellingAndMarketingExpenses": 1080057000,
        "sellingGeneralAndAdministrativeExpenses": 2838445000,
        "otherExpenses": 121042000,
        "operatingExpenses": 2959487000,
        "costAndExpenses": 2959487000,
        "interestIncome": 0,
        "interestExpense": 0,
        "depreciationAndAmortization": 97642000,
        "ebitda": 1769074000,
        "ebitdaratio": 0.43491848631096625,
        "operatingIncome": 1108112000,
        "operatingIncomeRatio": 0.27242410080246354,
        "totalOtherIncomeExpensesNet": 563320000,
        "incomeBeforeTax": 1671432000,
        "incomeBeforeTaxRatio": 0.4109136618432643,
        "incomeTaxExpense": 585546000,
        "netIncome": 1085886000,
        "netIncomeRatio": 0.2669599436915979,
        "eps": 0.805,
        "epsdiluted": 0.8,
        "weightedAverageShsOut": 1348870000,
        "weightedAverageShsOutDil": 1356950000,
        "link": "https://www.sec.gov/Archives/edgar/data/1141391/000119312508034694/d10k.htm",
        "finalLink": "https://www.sec.gov/Archives/edgar/data/1141391/000119312508034694/d10k.htm"
    },
    {
        "date": "2006-12-31",
        "symbol": "MA",
        "reportedCurrency": "USD",
        "cik": "0001141391",
        "fillingDate": "2007-02-28",
        "acceptedDate": "2007-02-28 14:20:59",
        "calendarYear": "2006",
        "period": "FY",
        "revenue": 3326074000,
        "costOfRevenue": 0,
        "grossProfit": 0,
        "grossProfitRatio": 0,
        "researchAndDevelopmentExpenses": 0,
        "generalAndAdministrativeExpenses": 1505185000,
        "sellingAndMarketingExpenses": 1051870000,
        "sellingGeneralAndAdministrativeExpenses": 2557055000,
        "otherExpenses": 539524000,
        "operatingExpenses": 3096579000,
        "costAndExpenses": 3096579000,
        "interestIncome": 0,
        "interestExpense": 0,
        "depreciationAndAmortization": 99782000,
        "ebitda": 393954000,
        "ebitdaratio": 0.11844414766478437,
        "operatingIncome": 229495000,
        "operatingIncomeRatio": 0.06899876551153102,
        "totalOtherIncomeExpensesNet": 64677000,
        "incomeBeforeTax": 294172000,
        "incomeBeforeTaxRatio": 0.08844421380883287,
        "incomeTaxExpense": 243982000,
        "netIncome": 50190000,
        "netIncomeRatio": 0.015089862702994582,
        "eps": 0.037,
        "epsdiluted": 0.037,
        "weightedAverageShsOut": 1354110000,
        "weightedAverageShsOutDil": 1357790000,
        "link": "https://www.sec.gov/Archives/edgar/data/1141391/000119312507042384/d10k.htm",
        "finalLink": "https://www.sec.gov/Archives/edgar/data/1141391/000119312507042384/d10k.htm"
    },
    {
        "date": "2005-12-31",
        "symbol": "MA",
        "reportedCurrency": "USD",
        "cik": "0001141391",
        "fillingDate": "2006-03-16",
        "acceptedDate": "2006-03-16 13:25:32",
        "calendarYear": "2005",
        "period": "FY",
        "revenue": 2937628000,
        "costOfRevenue": 0,
        "grossProfit": 0,
        "grossProfitRatio": 0,
        "researchAndDevelopmentExpenses": 0,
        "generalAndAdministrativeExpenses": 1351082000,
        "sellingAndMarketingExpenses": 1008268000,
        "sellingGeneralAndAdministrativeExpenses": 2359350000,
        "otherExpenses": 185094000,
        "operatingExpenses": 2544444000,
        "costAndExpenses": 2544444000,
        "interestIncome": 0,
        "interestExpense": 0,
        "depreciationAndAmortization": 109936000,
        "ebitda": 517274000,
        "ebitdaratio": 0.17608560375922344,
        "operatingIncome": 393184000,
        "operatingIncomeRatio": 0.13384404015756932,
        "totalOtherIncomeExpensesNet": 14154000,
        "incomeBeforeTax": 407338000,
        "incomeBeforeTaxRatio": 0.1386622131869658,
        "incomeTaxExpense": 140619000,
        "netIncome": 266719000,
        "netIncomeRatio": 0.09079400114650324,
        "eps": 0.267,
        "epsdiluted": 0.267,
        "weightedAverageShsOut": 1000000000,
        "weightedAverageShsOutDil": 1000000000,
        "link": "https://www.sec.gov/Archives/edgar/data/1141391/000119312506056300/d10k.htm",
        "finalLink": "https://www.sec.gov/Archives/edgar/data/1141391/000119312506056300/d10k.htm"
    },
    {
        "date": "2004-12-31",
        "symbol": "MA",
        "reportedCurrency": "USD",
        "cik": "0001141391",
        "fillingDate": "2005-03-02",
        "acceptedDate": "2005-03-02 08:12:03",
        "calendarYear": "2004",
        "period": "FY",
        "revenue": 2593330000,
        "costOfRevenue": 0,
        "grossProfit": 0,
        "grossProfitRatio": 0,
        "researchAndDevelopmentExpenses": 0,
        "generalAndAdministrativeExpenses": 1185837000,
        "sellingAndMarketingExpenses": 915851000,
        "sellingGeneralAndAdministrativeExpenses": 2101688000,
        "otherExpenses": 144970000,
        "operatingExpenses": 2246658000,
        "costAndExpenses": 2246658000,
        "interestIncome": 0,
        "interestExpense": 0,
        "depreciationAndAmortization": 123317000,
        "ebitda": 447017000,
        "ebitdaratio": 0.17237181538793753,
        "operatingIncome": 346672000,
        "operatingIncomeRatio": 0.13367832092329168,
        "totalOtherIncomeExpensesNet": -22972000,
        "incomeBeforeTax": 323700000,
        "incomeBeforeTaxRatio": 0.12482021185117205,
        "incomeTaxExpense": 85640000,
        "netIncome": 238060000,
        "netIncomeRatio": 0.0917970331581403,
        "eps": 0.238,
        "epsdiluted": 0.238,
        "weightedAverageShsOut": 1000252101,
        "weightedAverageShsOutDil": 1000252101,
        "link": "https://www.sec.gov/Archives/edgar/data/1141391/000095012305002512/y06000e10vk.htm",
        "finalLink": "https://www.sec.gov/Archives/edgar/data/1141391/000095012305002512/y06000e10vk.htm"
    },
    {
        "date": "2003-12-31",
        "symbol": "MA",
        "reportedCurrency": "USD",
        "cik": "0001141391",
        "fillingDate": "2004-03-04",
        "acceptedDate": "2004-03-04 13:04:36",
        "calendarYear": "2003",
        "period": "FY",
        "revenue": 2230851000,
        "costOfRevenue": 0,
        "grossProfit": 0,
        "grossProfitRatio": 0,
        "researchAndDevelopmentExpenses": 0,
        "generalAndAdministrativeExpenses": 1862012000,
        "sellingAndMarketingExpenses": 851150000,
        "sellingGeneralAndAdministrativeExpenses": 2713162000,
        "otherExpenses": 119551000,
        "operatingExpenses": 2832713000,
        "costAndExpenses": 2832713000,
        "interestIncome": 35402000,
        "interestExpense": 62936000,
        "depreciationAndAmortization": 119551000,
        "ebitda": -424084000,
        "ebitdaratio": -0.190099652554115,
        "operatingIncome": -601862000,
        "operatingIncomeRatio": -0.26979031768594136,
        "totalOtherIncomeExpensesNet": -9658000,
        "incomeBeforeTax": -611520000,
        "incomeBeforeTaxRatio": -0.27411960727094725,
        "incomeTaxExpense": -220778000,
        "netIncome": -385793000,
        "netIncomeRatio": -0.1729353506800768,
        "eps": -0.386,
        "epsdiluted": -0.386,
        "weightedAverageShsOut": 1000000000,
        "weightedAverageShsOutDil": 1000000000,
        "link": "https://www.sec.gov/Archives/edgar/data/1141391/000095012304002820/y94488e10vk.htm",
        "finalLink": "https://www.sec.gov/Archives/edgar/data/1141391/000095012304002820/y94488e10vk.htm"
    },
    {
        "date": "2002-12-31",
        "symbol": "MA",
        "reportedCurrency": "USD",
        "cik": "0001141391",
        "fillingDate": "2003-03-07",
        "acceptedDate": "2003-03-07 17:15:58",
        "calendarYear": "2002",
        "period": "FY",
        "revenue": 1891811000,
        "costOfRevenue": 0,
        "grossProfit": 0,
        "grossProfitRatio": 0,
        "researchAndDevelopmentExpenses": 0,
        "generalAndAdministrativeExpenses": 965299000,
        "sellingAndMarketingExpenses": 694010000,
        "sellingGeneralAndAdministrativeExpenses": 1659309000,
        "otherExpenses": 90505000,
        "operatingExpenses": 1749814000,
        "costAndExpenses": 1749814000,
        "interestIncome": 0,
        "interestExpense": 0,
        "depreciationAndAmortization": 90505000,
        "ebitda": 248893000,
        "ebitdaratio": 0.13156335384454368,
        "operatingIncome": 141997000,
        "operatingIncomeRatio": 0.07505876644125656,
        "totalOtherIncomeExpensesNet": 16391000,
        "incomeBeforeTax": 158388000,
        "incomeBeforeTaxRatio": 0.08372295118275556,
        "incomeTaxExpense": 41959000,
        "netIncome": 116429000,
        "netIncomeRatio": 0.06154367428881638,
        "eps": 0.135,
        "epsdiluted": 0.135,
        "weightedAverageShsOut": 862437037,
        "weightedAverageShsOutDil": 862437037,
        "link": "https://www.sec.gov/Archives/edgar/data/1141391/000095012303002592/0000950123-03-002592-index.html",
        "finalLink": "https://www.sec.gov/Archives/edgar/data/1141391/000095012303002592/y83303e10vk.htm"
    },
    {
        "date": "2001-12-31",
        "symbol": "MA",
        "reportedCurrency": "USD",
        "cik": "0001141391",
        "fillingDate": "2001-12-31",
        "acceptedDate": "2001-12-30 19:00:00",
        "calendarYear": "2001",
        "period": "FY",
        "revenue": 1611334000,
        "costOfRevenue": 0,
        "grossProfit": 0,
        "grossProfitRatio": 0,
        "researchAndDevelopmentExpenses": 0,
        "generalAndAdministrativeExpenses": 813927000,
        "sellingAndMarketingExpenses": 505732000,
        "sellingGeneralAndAdministrativeExpenses": 1319659000,
        "otherExpenses": 69973000,
        "operatingExpenses": 1389632000,
        "costAndExpenses": 1389632000,
        "interestIncome": 23649000,
        "interestExpense": 9548000,
        "depreciationAndAmortization": 69973000,
        "ebitda": 312460000,
        "ebitdaratio": 0.19391386267527402,
        "operatingIncome": 221702000,
        "operatingIncomeRatio": 0.1375891031902759,
        "totalOtherIncomeExpensesNet": 11237000,
        "incomeBeforeTax": 232939000,
        "incomeBeforeTaxRatio": 0.14456282806668264,
        "incomeTaxExpense": 90878000,
        "netIncome": 142061000,
        "netIncomeRatio": 0.08816359612594285,
        "eps": 0.198,
        "epsdiluted": 0.198,
        "weightedAverageShsOut": 717100000,
        "weightedAverageShsOutDil": 717100000,
        "link": "",
        "finalLink": ""
    },
    {
        "date": "2000-12-31",
        "symbol": "MA",
        "reportedCurrency": "USD",
        "cik": "0001141391",
        "fillingDate": "2000-12-31",
        "acceptedDate": "2000-12-30 19:00:00",
        "calendarYear": "2000",
        "period": "FY",
        "revenue": 1445409000,
        "costOfRevenue": 0,
        "grossProfit": 0,
        "grossProfitRatio": 0,
        "researchAndDevelopmentExpenses": 0,
        "generalAndAdministrativeExpenses": 0,
        "sellingAndMarketingExpenses": 0,
        "sellingGeneralAndAdministrativeExpenses": 0,
        "otherExpenses": 1267389000,
        "operatingExpenses": 1267389000,
        "costAndExpenses": 1267389000,
        "interestIncome": 0,
        "interestExpense": 0,
        "depreciationAndAmortization": 0,
        "ebitda": 118149000,
        "ebitdaratio": 0.08174087749557392,
        "operatingIncome": 178020000,
        "operatingIncomeRatio": 0.1231623713426442,
        "totalOtherIncomeExpensesNet": 0,
        "incomeBeforeTax": 0,
        "incomeBeforeTaxRatio": 0,
        "incomeTaxExpense": 0,
        "netIncome": 118149000,
        "netIncomeRatio": 0.08174087749557392,
        "eps": 0.165,
        "epsdiluted": 0.165,
        "weightedAverageShsOut": 716054545,
        "weightedAverageShsOutDil": 716054545,
        "link": "",
        "finalLink": ""
    },
    {
        "date": "1998-12-31",
        "symbol": "MA",
        "reportedCurrency": "USD",
        "cik": "0001141391",
        "fillingDate": "1998-12-31",
        "acceptedDate": "1998-12-30 19:00:00",
        "calendarYear": "1998",
        "period": "FY",
        "revenue": 1089712000,
        "costOfRevenue": 0,
        "grossProfit": 0,
        "grossProfitRatio": 0,
        "researchAndDevelopmentExpenses": 0,
        "generalAndAdministrativeExpenses": 0,
        "sellingAndMarketingExpenses": 0,
        "sellingGeneralAndAdministrativeExpenses": 0,
        "otherExpenses": 1071458000,
        "operatingExpenses": 1071458000,
        "costAndExpenses": 1071458000,
        "interestIncome": 0,
        "interestExpense": 0,
        "depreciationAndAmortization": 0,
        "ebitda": 24183000,
        "ebitdaratio": 0.022192102133407728,
        "operatingIncome": 18254000,
        "operatingIncomeRatio": 0.016751214999926586,
        "totalOtherIncomeExpensesNet": 0,
        "incomeBeforeTax": 0,
        "incomeBeforeTaxRatio": 0,
        "incomeTaxExpense": 0,
        "netIncome": 24183000,
        "netIncomeRatio": 0.022192102133407728,
        "eps": 0.034,
        "epsdiluted": 0.034,
        "weightedAverageShsOut": 711264706,
        "weightedAverageShsOutDil": 711264706,
        "link": "",
        "finalLink": ""
    }
]