[
    {
        "date": "2021-12-31",
        "symbol": "META",
        "reportedCurrency": "USD",
        "cik": "0001326801",
        "fillingDate": "2022-02-03",
        "acceptedDate": "2022-02-02 21:11:04",
        "calendarYear": "2021",
        "period": "FY",
        "revenue": 117929000000,
        "costOfRevenue": 22649000000,
        "grossProfit": 95280000000,
        "grossProfitRatio": 0.8079437627725157,
        "researchAndDevelopmentExpenses": 24655000000,
        "generalAndAdministrativeExpenses": 9829000000,
        "sellingAndMarketingExpenses": 14043000000,
        "sellingGeneralAndAdministrativeExpenses": 23872000000,
        "otherExpenses": 0,
        "operatingExpenses": 48527000000,
        "costAndExpenses": 71176000000,
        "interestIncome": 461000000,
        "interestExpense": 461000000,
        "depreciationAndAmortization": 7967000000,
        "ebitda": 55712000000,
        "ebitdaratio": 0.4724198458394458,
        "operatingIncome": 46753000000,
        "operatingIncomeRatio": 0.39645040660058173,
        "totalOtherIncomeExpensesNet": 531000000,
        "incomeBeforeTax": 47284000000,
        "incomeBeforeTaxRatio": 0.40095311585784665,
        "incomeTaxExpense": 7914000000,
        "netIncome": 39370000000,
        "netIncomeRatio": 0.3338449405998525,
        "eps": 13.99,
        "epsdiluted": 13.77,
        "weightedAverageShsOut": 2815000000,
        "weightedAverageShsOutDil": 2859000000,
        "link": "https://www.sec.gov/Archives/edgar/data/1326801/000132680122000018/0001326801-22-000018-index.htm",
        "finalLink": "https://www.sec.gov/Archives/edgar/data/1326801/000132680122000018/fb-20211231.htm"
    },
    {
        "date": "2020-12-31",
        "symbol": "META",
        "reportedCurrency": "USD",
        "cik": "0001326801",
        "fillingDate": "2021-01-28",
        "acceptedDate": "2021-01-27 21:13:48",
        "calendarYear": "2020",
        "period": "FY",
        "revenue": 85965000000,
        "costOfRevenue": 16692000000,
        "grossProfit": 69273000000,
        "grossProfitRatio": 0.8058279532367824,
        "researchAndDevelopmentExpenses": 18447000000,
        "generalAndAdministrativeExpenses": 6564000000,
        "sellingAndMarketingExpenses": 11591000000,
        "sellingGeneralAndAdministrativeExpenses": 18155000000,
        "otherExpenses": 0,
        "operatingExpenses": 36602000000,
        "costAndExpenses": 53294000000,
        "interestIncome": 672000000,
        "interestExpense": 672000000,
        "depreciationAndAmortization": 6862000000,
        "ebitda": 40714000000,
        "ebitdaratio": 0.4736113534578026,
        "operatingIncome": 32671000000,
        "operatingIncomeRatio": 0.3800500203571221,
        "totalOtherIncomeExpensesNet": 509000000,
        "incomeBeforeTax": 33180000000,
        "incomeBeforeTaxRatio": 0.38597103472343397,
        "incomeTaxExpense": 4034000000,
        "netIncome": 29146000000,
        "netIncomeRatio": 0.3390449601582039,
        "eps": 10.22,
        "epsdiluted": 10.09,
        "weightedAverageShsOut": 2851000000,
        "weightedAverageShsOutDil": 2888000000,
        "link": "https://www.sec.gov/Archives/edgar/data/1326801/000132680121000014/0001326801-21-000014-index.htm",
        "finalLink": "https://www.sec.gov/Archives/edgar/data/1326801/000132680121000014/fb-20201231.htm"
    },
    {
        "date": "2019-12-31",
        "symbol": "META",
        "reportedCurrency": "USD",
        "cik": "0001326801",
        "fillingDate": "2020-01-30",
        "acceptedDate": "2020-01-29 21:12:14",
        "calendarYear": "2019",
        "period": "FY",
        "revenue": 70697000000,
        "costOfRevenue": 12770000000,
        "grossProfit": 57927000000,
        "grossProfitRatio": 0.8193699874110641,
        "researchAndDevelopmentExpenses": 13600000000,
        "generalAndAdministrativeExpenses": 10465000000,
        "sellingAndMarketingExpenses": 9876000000,
        "sellingGeneralAndAdministrativeExpenses": 20341000000,
        "otherExpenses": 0,
        "operatingExpenses": 33941000000,
        "costAndExpenses": 46711000000,
        "interestIncome": 924000000,
        "interestExpense": 20000000,
        "depreciationAndAmortization": 5741000000,
        "ebitda": 30573000000,
        "ebitdaratio": 0.4324511648301908,
        "operatingIncome": 23986000000,
        "operatingIncomeRatio": 0.3392788944368219,
        "totalOtherIncomeExpensesNet": 826000000,
        "incomeBeforeTax": 24812000000,
        "incomeBeforeTaxRatio": 0.350962558524407,
        "incomeTaxExpense": 6327000000,
        "netIncome": 18485000000,
        "netIncomeRatio": 0.2614679547929898,
        "eps": 6.48,
        "epsdiluted": 6.43,
        "weightedAverageShsOut": 2854000000,
        "weightedAverageShsOutDil": 2876000000,
        "link": "https://www.sec.gov/Archives/edgar/data/1326801/000132680120000013/0001326801-20-000013-index.htm",
        "finalLink": "https://www.sec.gov/Archives/edgar/data/1326801/000132680120000013/fb-12312019x10k.htm"
    },
    {
        "date": "2018-12-31",
        "symbol": "META",
        "reportedCurrency": "USD",
        "cik": "0001326801",
        "fillingDate": "2019-01-31",
        "acceptedDate": "2019-01-31 16:58:29",
        "calendarYear": "2018",
        "period": "FY",
        "revenue": 55838000000,
        "costOfRevenue": 9355000000,
        "grossProfit": 46483000000,
        "grossProfitRatio": 0.8324617643898421,
        "researchAndDevelopmentExpenses": 10273000000,
        "generalAndAdministrativeExpenses": 3451000000,
        "sellingAndMarketingExpenses": 7846000000,
        "sellingGeneralAndAdministrativeExpenses": 11297000000,
        "otherExpenses": 0,
        "operatingExpenses": 21570000000,
        "costAndExpenses": 30925000000,
        "interestIncome": 661000000,
        "interestExpense": 9000000,
        "depreciationAndAmortization": 4315000000,
        "ebitda": 29685000000,
        "ebitdaratio": 0.5316272072781977,
        "operatingIncome": 24913000000,
        "operatingIncomeRatio": 0.4461656936136681,
        "totalOtherIncomeExpensesNet": 448000000,
        "incomeBeforeTax": 25361000000,
        "incomeBeforeTaxRatio": 0.4541889036140263,
        "incomeTaxExpense": 3249000000,
        "netIncome": 22112000000,
        "netIncomeRatio": 0.39600272216053584,
        "eps": 7.65,
        "epsdiluted": 7.57,
        "weightedAverageShsOut": 2890000000,
        "weightedAverageShsOutDil": 2921000000,
        "link": "https://www.sec.gov/Archives/edgar/data/1326801/000132680119000009/0001326801-19-000009-index.htm",
        "finalLink": "https://www.sec.gov/Archives/edgar/data/1326801/000132680119000009/fb-12312018x10k.htm"
    },
    {
        "date": "2017-12-31",
        "symbol": "META",
        "reportedCurrency": "USD",
        "cik": "0001326801",
        "fillingDate": "2018-02-01",
        "acceptedDate": "2018-02-01 16:58:26",
        "calendarYear": "2017",
        "period": "FY",
        "revenue": 40653000000,
        "costOfRevenue": 5454000000,
        "grossProfit": 35199000000,
        "grossProfitRatio": 0.8658401593978304,
        "researchAndDevelopmentExpenses": 7754000000,
        "generalAndAdministrativeExpenses": 2517000000,
        "sellingAndMarketingExpenses": 4725000000,
        "sellingGeneralAndAdministrativeExpenses": 7242000000,
        "otherExpenses": 0,
        "operatingExpenses": 14996000000,
        "costAndExpenses": 20450000000,
        "interestIncome": 398000000,
        "interestExpense": 6000000,
        "depreciationAndAmortization": 3025000000,
        "ebitda": 23625000000,
        "ebitdaratio": 0.5811379234004871,
        "operatingIncome": 20203000000,
        "operatingIncomeRatio": 0.4969620938184144,
        "totalOtherIncomeExpensesNet": 391000000,
        "incomeBeforeTax": 20594000000,
        "incomeBeforeTaxRatio": 0.5065800801908839,
        "incomeTaxExpense": 4660000000,
        "netIncome": 15934000000,
        "netIncomeRatio": 0.39195139350109465,
        "eps": 5.49,
        "epsdiluted": 5.39,
        "weightedAverageShsOut": 2901000000,
        "weightedAverageShsOutDil": 2956000000,
        "link": "https://www.sec.gov/Archives/edgar/data/1326801/000132680118000009/0001326801-18-000009-index.htm",
        "finalLink": "https://www.sec.gov/Archives/edgar/data/1326801/000132680118000009/fb-12312017x10k.htm"
    },
    {
        "date": "2016-12-31",
        "symbol": "META",
        "reportedCurrency": "USD",
        "cik": "0001326801",
        "fillingDate": "2017-02-03",
        "acceptedDate": "2017-02-02 21:13:52",
        "calendarYear": "2016",
        "period": "FY",
        "revenue": 27638000000,
        "costOfRevenue": 3789000000,
        "grossProfit": 23849000000,
        "grossProfitRatio": 0.8629061437151747,
        "researchAndDevelopmentExpenses": 5919000000,
        "generalAndAdministrativeExpenses": 1731000000,
        "sellingAndMarketingExpenses": 3772000000,
        "sellingGeneralAndAdministrativeExpenses": 5503000000,
        "otherExpenses": 0,
        "operatingExpenses": 11422000000,
        "costAndExpenses": 15211000000,
        "interestIncome": 176000000,
        "interestExpense": 10000000,
        "depreciationAndAmortization": 2342000000,
        "ebitda": 14870000000,
        "ebitdaratio": 0.5380273536435343,
        "operatingIncome": 12427000000,
        "operatingIncomeRatio": 0.4496345611115131,
        "totalOtherIncomeExpensesNet": 91000000,
        "incomeBeforeTax": 12518000000,
        "incomeBeforeTaxRatio": 0.45292712931471163,
        "incomeTaxExpense": 2301000000,
        "netIncome": 10217000000,
        "netIncomeRatio": 0.36967219046240685,
        "eps": 3.56,
        "epsdiluted": 3.49,
        "weightedAverageShsOut": 2863000000,
        "weightedAverageShsOutDil": 2925000000,
        "link": "https://www.sec.gov/Archives/edgar/data/1326801/000132680117000007/0001326801-17-000007-index.htm",
        "finalLink": "https://www.sec.gov/Archives/edgar/data/1326801/000132680117000007/fb-12312016x10k.htm"
    },
    {
        "date": "2015-12-31",
        "symbol": "META",
        "reportedCurrency": "USD",
        "cik": "0001326801",
        "fillingDate": "2016-01-28",
        "acceptedDate": "2016-01-28 16:17:07",
        "calendarYear": "2015",
        "period": "FY",
        "revenue": 17928000000,
        "costOfRevenue": 2867000000,
        "grossProfit": 15061000000,
        "grossProfitRatio": 0.8400825524319501,
        "researchAndDevelopmentExpenses": 4816000000,
        "generalAndAdministrativeExpenses": 1295000000,
        "sellingAndMarketingExpenses": 2725000000,
        "sellingGeneralAndAdministrativeExpenses": 4020000000,
        "otherExpenses": 0,
        "operatingExpenses": 8836000000,
        "costAndExpenses": 11703000000,
        "interestIncome": 52000000,
        "interestExpense": 23000000,
        "depreciationAndAmortization": 1945000000,
        "ebitda": 8162000000,
        "ebitdaratio": 0.45526550647032576,
        "operatingIncome": 6225000000,
        "operatingIncomeRatio": 0.3472222222222222,
        "totalOtherIncomeExpensesNet": -31000000,
        "incomeBeforeTax": 6194000000,
        "incomeBeforeTaxRatio": 0.34549308344489066,
        "incomeTaxExpense": 2506000000,
        "netIncome": 3688000000,
        "netIncomeRatio": 0.20571173583221777,
        "eps": 1.31,
        "epsdiluted": 1.29,
        "weightedAverageShsOut": 2803000000,
        "weightedAverageShsOutDil": 2853000000,
        "link": "https://www.sec.gov/Archives/edgar/data/1326801/000132680116000063/0001326801-16-000063-index.htm",
        "finalLink": "https://www.sec.gov/Archives/edgar/data/1326801/000132680116000063/a1231201510-ka.htm"
    },
    {
        "date": "2014-12-31",
        "symbol": "META",
        "reportedCurrency": "USD",
        "cik": "0001326801",
        "fillingDate": "2015-02-13",
        "acceptedDate": "2015-02-13 17:19:03",
        "calendarYear": "2014",
        "period": "FY",
        "revenue": 12466000000,
        "costOfRevenue": 2153000000,
        "grossProfit": 10313000000,
        "grossProfitRatio": 0.8272902294240334,
        "researchAndDevelopmentExpenses": 2666000000,
        "generalAndAdministrativeExpenses": 973000000,
        "sellingAndMarketingExpenses": 1680000000,
        "sellingGeneralAndAdministrativeExpenses": 2653000000,
        "otherExpenses": 0,
        "operatingExpenses": 5319000000,
        "costAndExpenses": 7472000000,
        "interestIncome": 27000000,
        "interestExpense": 23000000,
        "depreciationAndAmortization": 1243000000,
        "ebitda": 6176000000,
        "ebitdaratio": 0.4954275629712819,
        "operatingIncome": 4994000000,
        "operatingIncomeRatio": 0.40060965827049577,
        "totalOtherIncomeExpensesNet": -84000000,
        "incomeBeforeTax": 4910000000,
        "incomeBeforeTaxRatio": 0.393871330017648,
        "incomeTaxExpense": 1970000000,
        "netIncome": 2940000000,
        "netIncomeRatio": 0.2358414888496711,
        "eps": 1.12,
        "epsdiluted": 1.1,
        "weightedAverageShsOut": 2614000000,
        "weightedAverageShsOutDil": 2664000000,
        "link": "https://www.sec.gov/Archives/edgar/data/1326801/000132680115000010/0001326801-15-000010-index.htm",
        "finalLink": "https://www.sec.gov/Archives/edgar/data/1326801/000132680115000010/amendment1form10-ka.htm"
    },
    {
        "date": "2013-12-31",
        "symbol": "META",
        "reportedCurrency": "USD",
        "cik": "0001326801",
        "fillingDate": "2014-01-31",
        "acceptedDate": "2014-01-31 16:10:34",
        "calendarYear": "2013",
        "period": "FY",
        "revenue": 7872000000,
        "costOfRevenue": 1875000000,
        "grossProfit": 5997000000,
        "grossProfitRatio": 0.7618140243902439,
        "researchAndDevelopmentExpenses": 1415000000,
        "generalAndAdministrativeExpenses": 781000000,
        "sellingAndMarketingExpenses": 997000000,
        "sellingGeneralAndAdministrativeExpenses": 1778000000,
        "otherExpenses": 0,
        "operatingExpenses": 3193000000,
        "costAndExpenses": 5068000000,
        "interestIncome": 19000000,
        "interestExpense": 56000000,
        "depreciationAndAmortization": 1011000000,
        "ebitda": 3821000000,
        "ebitdaratio": 0.48539126016260165,
        "operatingIncome": 2804000000,
        "operatingIncomeRatio": 0.3561991869918699,
        "totalOtherIncomeExpensesNet": -50000000,
        "incomeBeforeTax": 2754000000,
        "incomeBeforeTaxRatio": 0.34984756097560976,
        "incomeTaxExpense": 1254000000,
        "netIncome": 1500000000,
        "netIncomeRatio": 0.19054878048780488,
        "eps": 0.62,
        "epsdiluted": 0.6,
        "weightedAverageShsOut": 2420000000,
        "weightedAverageShsOutDil": 2517000000,
        "link": "https://www.sec.gov/Archives/edgar/data/1326801/000132680114000007/0001326801-14-000007-index.htm",
        "finalLink": "https://www.sec.gov/Archives/edgar/data/1326801/000132680114000007/fb-12312013x10k.htm"
    },
    {
        "date": "2012-12-31",
        "symbol": "META",
        "reportedCurrency": "USD",
        "cik": "0001326801",
        "fillingDate": "2013-02-01",
        "acceptedDate": "2013-02-01 16:43:01",
        "calendarYear": "2012",
        "period": "FY",
        "revenue": 5089000000,
        "costOfRevenue": 1364000000,
        "grossProfit": 3725000000,
        "grossProfitRatio": 0.7319709176655531,
        "researchAndDevelopmentExpenses": 1399000000,
        "generalAndAdministrativeExpenses": 892000000,
        "sellingAndMarketingExpenses": 896000000,
        "sellingGeneralAndAdministrativeExpenses": 1788000000,
        "otherExpenses": 0,
        "operatingExpenses": 3187000000,
        "costAndExpenses": 4551000000,
        "interestIncome": 14000000,
        "interestExpense": 51000000,
        "depreciationAndAmortization": 649000000,
        "ebitda": 1194000000,
        "ebitdaratio": 0.23462369817252898,
        "operatingIncome": 538000000,
        "operatingIncomeRatio": 0.10571821575948123,
        "totalOtherIncomeExpensesNet": -44000000,
        "incomeBeforeTax": 494000000,
        "incomeBeforeTaxRatio": 0.0970721163293378,
        "incomeTaxExpense": 441000000,
        "netIncome": 53000000,
        "netIncomeRatio": 0.010414619768127334,
        "eps": 0.02,
        "epsdiluted": 0.01,
        "weightedAverageShsOut": 2006000000,
        "weightedAverageShsOutDil": 2166000000,
        "link": "https://www.sec.gov/Archives/edgar/data/1326801/000132680113000003/0001326801-13-000003-index.htm",
        "finalLink": "https://www.sec.gov/Archives/edgar/data/1326801/000132680113000003/fb-12312012x10k.htm"
    },
    {
        "date": "2011-12-31",
        "symbol": "META",
        "reportedCurrency": "USD",
        "cik": "0001326801",
        "fillingDate": "2011-12-31",
        "acceptedDate": "2011-12-30 19:00:00",
        "calendarYear": "2011",
        "period": "FY",
        "revenue": 3711000000,
        "costOfRevenue": 860000000,
        "grossProfit": 2851000000,
        "grossProfitRatio": 0.7682565346267852,
        "researchAndDevelopmentExpenses": 388000000,
        "generalAndAdministrativeExpenses": 280000000,
        "sellingAndMarketingExpenses": 427000000,
        "sellingGeneralAndAdministrativeExpenses": 707000000,
        "otherExpenses": 0,
        "operatingExpenses": 1095000000,
        "costAndExpenses": 1955000000,
        "interestIncome": 0,
        "interestExpense": 42000000,
        "depreciationAndAmortization": 323000000,
        "ebitda": 2060000000,
        "ebitdaratio": 0.5551064403125842,
        "operatingIncome": 1756000000,
        "operatingIncomeRatio": 0.4731878199946106,
        "totalOtherIncomeExpensesNet": -61000000,
        "incomeBeforeTax": 1695000000,
        "incomeBeforeTaxRatio": 0.45675020210185935,
        "incomeTaxExpense": 695000000,
        "netIncome": 1000000000,
        "netIncomeRatio": 0.2694691457828079,
        "eps": 0.49,
        "epsdiluted": 0.43,
        "weightedAverageShsOut": 2030000000,
        "weightedAverageShsOutDil": 2332000000,
        "link": "",
        "finalLink": ""
    },
    {
        "date": "2010-12-31",
        "symbol": "META",
        "reportedCurrency": "USD",
        "cik": "0001326801",
        "fillingDate": "2010-12-31",
        "acceptedDate": "2010-12-30 19:00:00",
        "calendarYear": "2010",
        "period": "FY",
        "revenue": 1974000000,
        "costOfRevenue": 493000000,
        "grossProfit": 1481000000,
        "grossProfitRatio": 0.7502532928064843,
        "researchAndDevelopmentExpenses": 144000000,
        "generalAndAdministrativeExpenses": 138000000,
        "sellingAndMarketingExpenses": 167000000,
        "sellingGeneralAndAdministrativeExpenses": 305000000,
        "otherExpenses": 0,
        "operatingExpenses": 449000000,
        "costAndExpenses": 942000000,
        "interestIncome": 1000000,
        "interestExpense": 22000000,
        "depreciationAndAmortization": 139000000,
        "ebitda": 1169000000,
        "ebitdaratio": 0.5921985815602837,
        "operatingIncome": 1032000000,
        "operatingIncomeRatio": 0.5227963525835866,
        "totalOtherIncomeExpensesNet": -24000000,
        "incomeBeforeTax": 1008000000,
        "incomeBeforeTaxRatio": 0.5106382978723404,
        "incomeTaxExpense": 402000000,
        "netIncome": 606000000,
        "netIncomeRatio": 0.3069908814589666,
        "eps": 0.174976,
        "epsdiluted": 0.170267,
        "weightedAverageShsOut": 2126000000,
        "weightedAverageShsOutDil": 2361000000,
        "link": "",
        "finalLink": ""
    }
]