[
    {
        "date": "2022-12-31",
        "symbol": "MMM",
        "reportedCurrency": "USD",
        "cik": "0000066740",
        "fillingDate": "2022-12-31",
        "acceptedDate": "2022-12-30 19:00:00",
        "calendarYear": "2022",
        "period": "FY",
        "revenue": 34229000000,
        "costOfRevenue": 19232000000,
        "grossProfit": 14997000000,
        "grossProfitRatio": 0.4381372520377458,
        "researchAndDevelopmentExpenses": 1862000000,
        "generalAndAdministrativeExpenses": 0,
        "sellingAndMarketingExpenses": 0,
        "sellingGeneralAndAdministrativeExpenses": 9049000000,
        "otherExpenses": 0,
        "operatingExpenses": 10911000000,
        "costAndExpenses": 30143000000,
        "interestIncome": 0,
        "interestExpense": 0,
        "depreciationAndAmortization": 0,
        "ebitda": 6389000000,
        "ebitdaratio": 0.18665459113617108,
        "operatingIncome": 6539000000,
        "operatingIncomeRatio": 0.1910368401063426,
        "totalOtherIncomeExpensesNet": -147000000,
        "incomeBeforeTax": 6392000000,
        "incomeBeforeTaxRatio": 0.1867422361155745,
        "incomeTaxExpense": 612000000,
        "netIncome": 5777000000,
        "netIncomeRatio": 0.1687750153378714,
        "eps": 10.21,
        "epsdiluted": 10.18,
        "weightedAverageShsOut": 566000000,
        "weightedAverageShsOutDil": 567600000,
        "link": "",
        "finalLink": ""
    },
    {
        "date": "2021-12-31",
        "symbol": "MMM",
        "reportedCurrency": "USD",
        "cik": "0000066740",
        "fillingDate": "2022-02-09",
        "acceptedDate": "2022-02-09 15:13:29",
        "calendarYear": "2021",
        "period": "FY",
        "revenue": 35355000000,
        "costOfRevenue": 18795000000,
        "grossProfit": 16560000000,
        "grossProfitRatio": 0.4683920237590157,
        "researchAndDevelopmentExpenses": 1994000000,
        "generalAndAdministrativeExpenses": 6900000000,
        "sellingAndMarketingExpenses": 0,
        "sellingGeneralAndAdministrativeExpenses": 6900000000,
        "otherExpenses": 0,
        "operatingExpenses": 8894000000,
        "costAndExpenses": 27689000000,
        "interestIncome": 26000000,
        "interestExpense": 488000000,
        "depreciationAndAmortization": 1915000000,
        "ebitda": 9609000000,
        "ebitdaratio": 0.2717861688587187,
        "operatingIncome": 7369000000,
        "operatingIncomeRatio": 0.20842879366426248,
        "totalOtherIncomeExpensesNet": -165000000,
        "incomeBeforeTax": 7204000000,
        "incomeBeforeTaxRatio": 0.20376184415217083,
        "incomeTaxExpense": 1285000000,
        "netIncome": 5921000000,
        "netIncomeRatio": 0.16747277612784614,
        "eps": 10.23,
        "epsdiluted": 10.12,
        "weightedAverageShsOut": 579000000,
        "weightedAverageShsOutDil": 585300000,
        "link": "https://www.sec.gov/Archives/edgar/data/66740/000006674022000010/0000066740-22-000010-index.htm",
        "finalLink": "https://www.sec.gov/Archives/edgar/data/66740/000006674022000010/mmm-20211231.htm"
    },
    {
        "date": "2020-12-31",
        "symbol": "MMM",
        "reportedCurrency": "USD",
        "cik": "0000066740",
        "fillingDate": "2021-02-04",
        "acceptedDate": "2021-02-04 13:53:11",
        "calendarYear": "2020",
        "period": "FY",
        "revenue": 32184000000,
        "costOfRevenue": 16605000000,
        "grossProfit": 15579000000,
        "grossProfitRatio": 0.48406040268456374,
        "researchAndDevelopmentExpenses": 1878000000,
        "generalAndAdministrativeExpenses": 6879000000,
        "sellingAndMarketingExpenses": 0,
        "sellingGeneralAndAdministrativeExpenses": 6879000000,
        "otherExpenses": 0,
        "operatingExpenses": 8757000000,
        "costAndExpenses": 25362000000,
        "interestIncome": 29000000,
        "interestExpense": 529000000,
        "depreciationAndAmortization": 1911000000,
        "ebitda": 9142000000,
        "ebitdaratio": 0.2840541884166045,
        "operatingIncome": 7161000000,
        "operatingIncomeRatio": 0.22250186428038776,
        "totalOtherIncomeExpensesNet": -450000000,
        "incomeBeforeTax": 6711000000,
        "incomeBeforeTaxRatio": 0.20851976137211037,
        "incomeTaxExpense": 1318000000,
        "netIncome": 5384000000,
        "netIncomeRatio": 0.1672880934625901,
        "eps": 9.32,
        "epsdiluted": 9.25,
        "weightedAverageShsOut": 577600000,
        "weightedAverageShsOutDil": 582200000,
        "link": "https://www.sec.gov/Archives/edgar/data/66740/000155837021000737/0001558370-21-000737-index.htm",
        "finalLink": "https://www.sec.gov/Archives/edgar/data/66740/000155837021000737/mmm-20201231x10k.htm"
    },
    {
        "date": "2019-12-31",
        "symbol": "MMM",
        "reportedCurrency": "USD",
        "cik": "0000066740",
        "fillingDate": "2020-02-06",
        "acceptedDate": "2020-02-06 16:16:31",
        "calendarYear": "2019",
        "period": "FY",
        "revenue": 32136000000,
        "costOfRevenue": 17136000000,
        "grossProfit": 15000000000,
        "grossProfitRatio": 0.46676624346527257,
        "researchAndDevelopmentExpenses": 1911000000,
        "generalAndAdministrativeExpenses": 7029000000,
        "sellingAndMarketingExpenses": 0,
        "sellingGeneralAndAdministrativeExpenses": 6961000000,
        "otherExpenses": 68000000,
        "operatingExpenses": 8940000000,
        "costAndExpenses": 26076000000,
        "interestIncome": 80000000,
        "interestExpense": 448000000,
        "depreciationAndAmortization": 1593000000,
        "ebitda": 7741000000,
        "ebitdaratio": 0.240882499377645,
        "operatingIncome": 6174000000,
        "operatingIncomeRatio": 0.1921209858103062,
        "totalOtherIncomeExpensesNet": -462000000,
        "incomeBeforeTax": 5712000000,
        "incomeBeforeTaxRatio": 0.1777445855115758,
        "incomeTaxExpense": 1130000000,
        "netIncome": 4570000000,
        "netIncomeRatio": 0.14220811550908638,
        "eps": 7.92,
        "epsdiluted": 7.81,
        "weightedAverageShsOut": 577000000,
        "weightedAverageShsOutDil": 585100000,
        "link": "https://www.sec.gov/Archives/edgar/data/66740/000155837020000581/0001558370-20-000581-index.htm",
        "finalLink": "https://www.sec.gov/Archives/edgar/data/66740/000155837020000581/mmm-20191231x10k62bf35.htm"
    },
    {
        "date": "2018-12-31",
        "symbol": "MMM",
        "reportedCurrency": "USD",
        "cik": "0000066740",
        "fillingDate": "2019-02-07",
        "acceptedDate": "2019-02-07 17:15:37",
        "calendarYear": "2018",
        "period": "FY",
        "revenue": 32765000000,
        "costOfRevenue": 16682000000,
        "grossProfit": 16083000000,
        "grossProfitRatio": 0.4908591484816115,
        "researchAndDevelopmentExpenses": 1821000000,
        "generalAndAdministrativeExpenses": 7602000000,
        "sellingAndMarketingExpenses": 0,
        "sellingGeneralAndAdministrativeExpenses": 7529000000,
        "otherExpenses": 73000000,
        "operatingExpenses": 9423000000,
        "costAndExpenses": 26105000000,
        "interestIncome": 70000000,
        "interestExpense": 350000000,
        "depreciationAndAmortization": 1488000000,
        "ebitda": 8824000000,
        "ebitdaratio": 0.26931176560354037,
        "operatingIncome": 7207000000,
        "operatingIncomeRatio": 0.21996032351594688,
        "totalOtherIncomeExpensesNet": -207000000,
        "incomeBeforeTax": 7000000000,
        "incomeBeforeTaxRatio": 0.21364260643979857,
        "incomeTaxExpense": 1637000000,
        "netIncome": 5349000000,
        "netIncomeRatio": 0.16325347169235466,
        "eps": 9.09,
        "epsdiluted": 8.89,
        "weightedAverageShsOut": 588500000,
        "weightedAverageShsOutDil": 602000000,
        "link": "https://www.sec.gov/Archives/edgar/data/66740/000155837019000470/0001558370-19-000470-index.htm",
        "finalLink": "https://www.sec.gov/Archives/edgar/data/66740/000155837019000470/mmm-20181231x10k.htm"
    },
    {
        "date": "2017-12-31",
        "symbol": "MMM",
        "reportedCurrency": "USD",
        "cik": "0000066740",
        "fillingDate": "2018-02-08",
        "acceptedDate": "2018-02-08 17:14:52",
        "calendarYear": "2017",
        "period": "FY",
        "revenue": 31657000000,
        "costOfRevenue": 16001000000,
        "grossProfit": 15656000000,
        "grossProfitRatio": 0.49455096819028965,
        "researchAndDevelopmentExpenses": 1850000000,
        "generalAndAdministrativeExpenses": 6572000000,
        "sellingAndMarketingExpenses": 0,
        "sellingGeneralAndAdministrativeExpenses": 6572000000,
        "otherExpenses": 0,
        "operatingExpenses": 8422000000,
        "costAndExpenses": 24423000000,
        "interestIncome": 50000000,
        "interestExpense": 322000000,
        "depreciationAndAmortization": 1544000000,
        "ebitda": 9403000000,
        "ebitdaratio": 0.29702751366206526,
        "operatingIncome": 7820000000,
        "operatingIncomeRatio": 0.2470227753735351,
        "totalOtherIncomeExpensesNet": -272000000,
        "incomeBeforeTax": 7548000000,
        "incomeBeforeTaxRatio": 0.23843067883880342,
        "incomeTaxExpense": 2679000000,
        "netIncome": 4858000000,
        "netIncomeRatio": 0.15345737119752345,
        "eps": 8.13,
        "epsdiluted": 7.93,
        "weightedAverageShsOut": 597500000,
        "weightedAverageShsOutDil": 612700000,
        "link": "https://www.sec.gov/Archives/edgar/data/66740/000155837018000535/0001558370-18-000535-index.htm",
        "finalLink": "https://www.sec.gov/Archives/edgar/data/66740/000155837018000535/mmm-20171231x10k.htm"
    },
    {
        "date": "2016-12-31",
        "symbol": "MMM",
        "reportedCurrency": "USD",
        "cik": "0000066740",
        "fillingDate": "2017-02-09",
        "acceptedDate": "2017-02-09 16:56:52",
        "calendarYear": "2016",
        "period": "FY",
        "revenue": 30109000000,
        "costOfRevenue": 15040000000,
        "grossProfit": 15069000000,
        "grossProfitRatio": 0.5004815835796605,
        "researchAndDevelopmentExpenses": 1735000000,
        "generalAndAdministrativeExpenses": 6111000000,
        "sellingAndMarketingExpenses": 0,
        "sellingGeneralAndAdministrativeExpenses": 6111000000,
        "otherExpenses": 0,
        "operatingExpenses": 7846000000,
        "costAndExpenses": 22886000000,
        "interestIncome": 29000000,
        "interestExpense": 199000000,
        "depreciationAndAmortization": 1474000000,
        "ebitda": 8718000000,
        "ebitdaratio": 0.2895479756883324,
        "operatingIncome": 7223000000,
        "operatingIncomeRatio": 0.23989504799229466,
        "totalOtherIncomeExpensesNet": -170000000,
        "incomeBeforeTax": 7053000000,
        "incomeBeforeTaxRatio": 0.23424889567903284,
        "incomeTaxExpense": 1995000000,
        "netIncome": 5050000000,
        "netIncomeRatio": 0.16772393636454216,
        "eps": 8.35,
        "epsdiluted": 8.16,
        "weightedAverageShsOut": 604700000,
        "weightedAverageShsOutDil": 618700000,
        "link": "https://www.sec.gov/Archives/edgar/data/66740/000155837017000479/0001558370-17-000479-index.htm",
        "finalLink": "https://www.sec.gov/Archives/edgar/data/66740/000155837017000479/mmm-20161231x10k.htm"
    },
    {
        "date": "2015-12-31",
        "symbol": "MMM",
        "reportedCurrency": "USD",
        "cik": "0000066740",
        "fillingDate": "2016-02-11",
        "acceptedDate": "2016-02-11 17:16:40",
        "calendarYear": "2015",
        "period": "FY",
        "revenue": 30274000000,
        "costOfRevenue": 15383000000,
        "grossProfit": 14891000000,
        "grossProfitRatio": 0.4918742154984475,
        "researchAndDevelopmentExpenses": 1763000000,
        "generalAndAdministrativeExpenses": 6182000000,
        "sellingAndMarketingExpenses": 0,
        "sellingGeneralAndAdministrativeExpenses": 6182000000,
        "otherExpenses": 0,
        "operatingExpenses": 7945000000,
        "costAndExpenses": 23328000000,
        "interestIncome": 26000000,
        "interestExpense": 149000000,
        "depreciationAndAmortization": 1435000000,
        "ebitda": 8399000000,
        "ebitdaratio": 0.2774327806038185,
        "operatingIncome": 6946000000,
        "operatingIncomeRatio": 0.2294378014137544,
        "totalOtherIncomeExpensesNet": -123000000,
        "incomeBeforeTax": 6823000000,
        "incomeBeforeTaxRatio": 0.22537490916297814,
        "incomeTaxExpense": 1982000000,
        "netIncome": 4833000000,
        "netIncomeRatio": 0.15964193697562265,
        "eps": 7.72,
        "epsdiluted": 7.58,
        "weightedAverageShsOut": 625600000,
        "weightedAverageShsOutDil": 637200000,
        "link": "https://www.sec.gov/Archives/edgar/data/66740/000155837016003162/0001558370-16-003162-index.htm",
        "finalLink": "https://www.sec.gov/Archives/edgar/data/66740/000155837016003162/mmm-20151231x10k.htm"
    },
    {
        "date": "2014-12-31",
        "symbol": "MMM",
        "reportedCurrency": "USD",
        "cik": "0000066740",
        "fillingDate": "2015-02-12",
        "acceptedDate": "2015-02-12 17:09:33",
        "calendarYear": "2014",
        "period": "FY",
        "revenue": 31821000000,
        "costOfRevenue": 16447000000,
        "grossProfit": 15374000000,
        "grossProfitRatio": 0.4831400647371233,
        "researchAndDevelopmentExpenses": 1770000000,
        "generalAndAdministrativeExpenses": 6469000000,
        "sellingAndMarketingExpenses": 0,
        "sellingGeneralAndAdministrativeExpenses": 6469000000,
        "otherExpenses": 0,
        "operatingExpenses": 8239000000,
        "costAndExpenses": 24686000000,
        "interestIncome": 33000000,
        "interestExpense": 142000000,
        "depreciationAndAmortization": 1408000000,
        "ebitda": 8534000000,
        "ebitdaratio": 0.26818767480594574,
        "operatingIncome": 7135000000,
        "operatingIncomeRatio": 0.2242229973916596,
        "totalOtherIncomeExpensesNet": -109000000,
        "incomeBeforeTax": 7026000000,
        "incomeBeforeTaxRatio": 0.22079758649948147,
        "incomeTaxExpense": 2028000000,
        "netIncome": 4956000000,
        "netIncomeRatio": 0.15574620533609881,
        "eps": 7.63,
        "epsdiluted": 7.49,
        "weightedAverageShsOut": 649200000,
        "weightedAverageShsOutDil": 662000000,
        "link": "https://www.sec.gov/Archives/edgar/data/66740/000110465915009560/0001104659-15-009560-index.htm",
        "finalLink": "https://www.sec.gov/Archives/edgar/data/66740/000110465915009560/a15-1770_110k.htm"
    },
    {
        "date": "2013-12-31",
        "symbol": "MMM",
        "reportedCurrency": "USD",
        "cik": "0000066740",
        "fillingDate": "2014-02-13",
        "acceptedDate": "2014-02-13 16:16:20",
        "calendarYear": "2013",
        "period": "FY",
        "revenue": 30871000000,
        "costOfRevenue": 16106000000,
        "grossProfit": 14765000000,
        "grossProfitRatio": 0.4782805869586343,
        "researchAndDevelopmentExpenses": 1715000000,
        "generalAndAdministrativeExpenses": 6384000000,
        "sellingAndMarketingExpenses": 0,
        "sellingGeneralAndAdministrativeExpenses": 6384000000,
        "otherExpenses": 0,
        "operatingExpenses": 8099000000,
        "costAndExpenses": 24205000000,
        "interestIncome": 41000000,
        "interestExpense": 145000000,
        "depreciationAndAmortization": 1371000000,
        "ebitda": 8016000000,
        "ebitdaratio": 0.25966117067798256,
        "operatingIncome": 6666000000,
        "operatingIncomeRatio": 0.2159308088497295,
        "totalOtherIncomeExpensesNet": -104000000,
        "incomeBeforeTax": 6562000000,
        "incomeBeforeTaxRatio": 0.21256195134592337,
        "incomeTaxExpense": 1841000000,
        "netIncome": 4659000000,
        "netIncomeRatio": 0.15091833759839332,
        "eps": 6.83,
        "epsdiluted": 6.72,
        "weightedAverageShsOut": 681900000,
        "weightedAverageShsOutDil": 693600000,
        "link": "https://www.sec.gov/Archives/edgar/data/66740/000110465914009773/0001104659-14-009773-index.htm",
        "finalLink": "https://www.sec.gov/Archives/edgar/data/66740/000110465914009773/a14-5644_110k.htm"
    },
    {
        "date": "2012-12-31",
        "symbol": "MMM",
        "reportedCurrency": "USD",
        "cik": "0000066740",
        "fillingDate": "2013-02-14",
        "acceptedDate": "2013-02-14 16:28:05",
        "calendarYear": "2012",
        "period": "FY",
        "revenue": 29904000000,
        "costOfRevenue": 15685000000,
        "grossProfit": 14219000000,
        "grossProfitRatio": 0.47548822899946497,
        "researchAndDevelopmentExpenses": 1634000000,
        "generalAndAdministrativeExpenses": 6102000000,
        "sellingAndMarketingExpenses": 0,
        "sellingGeneralAndAdministrativeExpenses": 6102000000,
        "otherExpenses": 0,
        "operatingExpenses": 7736000000,
        "costAndExpenses": 23421000000,
        "interestIncome": 39000000,
        "interestExpense": 171000000,
        "depreciationAndAmortization": 1288000000,
        "ebitda": 7743000000,
        "ebitdaratio": 0.25892857142857145,
        "operatingIncome": 6483000000,
        "operatingIncomeRatio": 0.21679373996789728,
        "totalOtherIncomeExpensesNet": -132000000,
        "incomeBeforeTax": 6351000000,
        "incomeBeforeTaxRatio": 0.21237961476725523,
        "incomeTaxExpense": 1840000000,
        "netIncome": 4444000000,
        "netIncomeRatio": 0.14860888175494916,
        "eps": 6.4,
        "epsdiluted": 6.32,
        "weightedAverageShsOut": 693900000,
        "weightedAverageShsOutDil": 703300000,
        "link": "https://www.sec.gov/Archives/edgar/data/66740/000110465913010881/0001104659-13-010881-index.htm",
        "finalLink": "https://www.sec.gov/Archives/edgar/data/66740/000110465913010881/a13-1203_110k.htm"
    },
    {
        "date": "2011-12-31",
        "symbol": "MMM",
        "reportedCurrency": "USD",
        "cik": "0000066740",
        "fillingDate": "2012-02-16",
        "acceptedDate": "2012-02-16 15:42:31",
        "calendarYear": "2011",
        "period": "FY",
        "revenue": 29611000000,
        "costOfRevenue": 15693000000,
        "grossProfit": 13918000000,
        "grossProfitRatio": 0.47002803012394045,
        "researchAndDevelopmentExpenses": 1570000000,
        "generalAndAdministrativeExpenses": 6170000000,
        "sellingAndMarketingExpenses": 0,
        "sellingGeneralAndAdministrativeExpenses": 6170000000,
        "otherExpenses": 0,
        "operatingExpenses": 7740000000,
        "costAndExpenses": 23433000000,
        "interestIncome": 39000000,
        "interestExpense": 186000000,
        "depreciationAndAmortization": 0,
        "ebitda": 6143000000,
        "ebitdaratio": 0.207456688392827,
        "operatingIncome": 6178000000,
        "operatingIncomeRatio": 0.2086386815710378,
        "totalOtherIncomeExpensesNet": -147000000,
        "incomeBeforeTax": 6031000000,
        "incomeBeforeTaxRatio": 0.20367431022255242,
        "incomeTaxExpense": 1674000000,
        "netIncome": 4283000000,
        "netIncomeRatio": 0.14464219377933876,
        "eps": 6.05,
        "epsdiluted": 5.96,
        "weightedAverageShsOut": 708500000,
        "weightedAverageShsOutDil": 719000000,
        "link": "https://www.sec.gov/Archives/edgar/data/66740/000110465912010566/0001104659-12-010566-index.htm",
        "finalLink": "https://www.sec.gov/Archives/edgar/data/66740/000110465912010566/a11-31280_110k.htm"
    },
    {
        "date": "2010-12-31",
        "symbol": "MMM",
        "reportedCurrency": "USD",
        "cik": "0000066740",
        "fillingDate": "2011-02-16",
        "acceptedDate": "2011-02-16 17:18:34",
        "calendarYear": "2010",
        "period": "FY",
        "revenue": 26662000000,
        "costOfRevenue": 13831000000,
        "grossProfit": 12831000000,
        "grossProfitRatio": 0.48124671817568077,
        "researchAndDevelopmentExpenses": 1434000000,
        "generalAndAdministrativeExpenses": 5479000000,
        "sellingAndMarketingExpenses": 0,
        "sellingGeneralAndAdministrativeExpenses": 5479000000,
        "otherExpenses": 0,
        "operatingExpenses": 6913000000,
        "costAndExpenses": 20744000000,
        "interestIncome": 38000000,
        "interestExpense": 201000000,
        "depreciationAndAmortization": 0,
        "ebitda": 5878000000,
        "ebitdaratio": 0.22046358112669717,
        "operatingIncome": 5918000000,
        "operatingIncomeRatio": 0.2219638436726427,
        "totalOtherIncomeExpensesNet": -163000000,
        "incomeBeforeTax": 5755000000,
        "incomeBeforeTaxRatio": 0.21585027379791463,
        "incomeTaxExpense": 1592000000,
        "netIncome": 4085000000,
        "netIncomeRatio": 0.1532143125046883,
        "eps": 5.72,
        "epsdiluted": 5.63,
        "weightedAverageShsOut": 713700000,
        "weightedAverageShsOutDil": 725500000,
        "link": "https://www.sec.gov/Archives/edgar/data/66740/000110465911007845/0001104659-11-007845-index.htm",
        "finalLink": "https://www.sec.gov/Archives/edgar/data/66740/000110465911007845/a11-2060_110k.htm"
    },
    {
        "date": "2009-12-31",
        "symbol": "MMM",
        "reportedCurrency": "USD",
        "cik": "0000066740",
        "fillingDate": "2010-02-16",
        "acceptedDate": "2010-02-16 15:07:30",
        "calendarYear": "2009",
        "period": "FY",
        "revenue": 23123000000,
        "costOfRevenue": 12109000000,
        "grossProfit": 11014000000,
        "grossProfitRatio": 0.4763222765212127,
        "researchAndDevelopmentExpenses": 1293000000,
        "generalAndAdministrativeExpenses": 4907000000,
        "sellingAndMarketingExpenses": 0,
        "sellingGeneralAndAdministrativeExpenses": 4907000000,
        "otherExpenses": 0,
        "operatingExpenses": 6200000000,
        "costAndExpenses": 18309000000,
        "interestIncome": 37000000,
        "interestExpense": 219000000,
        "depreciationAndAmortization": 0,
        "ebitda": 4800000000,
        "ebitdaratio": 0.20758552090991653,
        "operatingIncome": 4814000000,
        "operatingIncomeRatio": 0.2081909786792371,
        "totalOtherIncomeExpensesNet": -182000000,
        "incomeBeforeTax": 4632000000,
        "incomeBeforeTaxRatio": 0.20032002767806945,
        "incomeTaxExpense": 1388000000,
        "netIncome": 3193000000,
        "netIncomeRatio": 0.13808761838861738,
        "eps": 4.56,
        "epsdiluted": 4.52,
        "weightedAverageShsOut": 700500000,
        "weightedAverageShsOutDil": 706700000,
        "link": "https://www.sec.gov/Archives/edgar/data/66740/000110465910007295/0001104659-10-007295-index.htm",
        "finalLink": "https://www.sec.gov/Archives/edgar/data/66740/000110465910007295/a09-35783_110k.htm"
    },
    {
        "date": "2008-12-31",
        "symbol": "MMM",
        "reportedCurrency": "USD",
        "cik": "0000066740",
        "fillingDate": "2009-02-17",
        "acceptedDate": "2009-02-13 20:17:40",
        "calendarYear": "2008",
        "period": "FY",
        "revenue": 25269000000,
        "costOfRevenue": 13379000000,
        "grossProfit": 11890000000,
        "grossProfitRatio": 0.47053702164707745,
        "researchAndDevelopmentExpenses": 1404000000,
        "generalAndAdministrativeExpenses": 5245000000,
        "sellingAndMarketingExpenses": 0,
        "sellingGeneralAndAdministrativeExpenses": 5245000000,
        "otherExpenses": 0,
        "operatingExpenses": 6649000000,
        "costAndExpenses": 20028000000,
        "interestIncome": 105000000,
        "interestExpense": 215000000,
        "depreciationAndAmortization": 0,
        "ebitda": 5263000000,
        "ebitdaratio": 0.20827891883335312,
        "operatingIncome": 5218000000,
        "operatingIncomeRatio": 0.2064980806521825,
        "totalOtherIncomeExpensesNet": -110000000,
        "incomeBeforeTax": 5108000000,
        "incomeBeforeTaxRatio": 0.2021449206537655,
        "incomeTaxExpense": 1588000000,
        "netIncome": 3460000000,
        "netIncomeRatio": 0.13692666904111758,
        "eps": 4.95,
        "epsdiluted": 4.89,
        "weightedAverageShsOut": 699200000,
        "weightedAverageShsOutDil": 707200000,
        "link": "https://www.sec.gov/Archives/edgar/data/66740/000110465909009669/0001104659-09-009669-index.htm",
        "finalLink": "https://www.sec.gov/Archives/edgar/data/66740/000110465909009669/a09-1282_110k.htm"
    },
    {
        "date": "2007-12-31",
        "symbol": "MMM",
        "reportedCurrency": "USD",
        "cik": "0000066740",
        "fillingDate": "2008-02-15",
        "acceptedDate": "2008-02-15 17:23:33",
        "calendarYear": "2007",
        "period": "FY",
        "revenue": 24462000000,
        "costOfRevenue": 12735000000,
        "grossProfit": 11727000000,
        "grossProfitRatio": 0.4793966151582046,
        "researchAndDevelopmentExpenses": 1368000000,
        "generalAndAdministrativeExpenses": 5015000000,
        "sellingAndMarketingExpenses": 0,
        "sellingGeneralAndAdministrativeExpenses": 5015000000,
        "otherExpenses": 0,
        "operatingExpenses": 6383000000,
        "costAndExpenses": 19118000000,
        "interestIncome": 132000000,
        "interestExpense": 210000000,
        "depreciationAndAmortization": 0,
        "ebitda": 6270000000,
        "ebitdaratio": 0.2563159185675742,
        "operatingIncome": 6193000000,
        "operatingIncomeRatio": 0.25316817921674434,
        "totalOtherIncomeExpensesNet": -78000000,
        "incomeBeforeTax": 6115000000,
        "incomeBeforeTaxRatio": 0.2499795601340855,
        "incomeTaxExpense": 1964000000,
        "netIncome": 4096000000,
        "netIncomeRatio": 0.1674433815714169,
        "eps": 5.7,
        "epsdiluted": 5.6,
        "weightedAverageShsOut": 718300000,
        "weightedAverageShsOutDil": 732000000,
        "link": "https://www.sec.gov/Archives/edgar/data/66740/000110465908011226/0001104659-08-011226-index.htm",
        "finalLink": "https://www.sec.gov/Archives/edgar/data/66740/000110465908011226/a08-2453_110k.htm"
    },
    {
        "date": "2006-12-31",
        "symbol": "MMM",
        "reportedCurrency": "USD",
        "cik": "0000066740",
        "fillingDate": "2007-02-26",
        "acceptedDate": "2007-02-23 21:35:27",
        "calendarYear": "2006",
        "period": "FY",
        "revenue": 22923000000,
        "costOfRevenue": 11713000000,
        "grossProfit": 11210000000,
        "grossProfitRatio": 0.48902848667277404,
        "researchAndDevelopmentExpenses": 1522000000,
        "generalAndAdministrativeExpenses": 5066000000,
        "sellingAndMarketingExpenses": 0,
        "sellingGeneralAndAdministrativeExpenses": 5066000000,
        "otherExpenses": 0,
        "operatingExpenses": 6588000000,
        "costAndExpenses": 18301000000,
        "interestIncome": 51000000,
        "interestExpense": 122000000,
        "depreciationAndAmortization": 0,
        "ebitda": 5696000000,
        "ebitdaratio": 0.24848405531562187,
        "operatingIncome": 5696000000,
        "operatingIncomeRatio": 0.24848405531562187,
        "totalOtherIncomeExpensesNet": -71000000,
        "incomeBeforeTax": 5625000000,
        "incomeBeforeTaxRatio": 0.24538672948566942,
        "incomeTaxExpense": 1723000000,
        "netIncome": 3851000000,
        "netIncomeRatio": 0.1679972080443223,
        "eps": 5.15,
        "epsdiluted": 5.06,
        "weightedAverageShsOut": 747500000,
        "weightedAverageShsOutDil": 761000000,
        "link": "https://www.sec.gov/Archives/edgar/data/66740/000110465907013613/0001104659-07-013613-index.htm",
        "finalLink": "https://www.sec.gov/Archives/edgar/data/66740/000110465907013613/a07-5153_110k.htm"
    },
    {
        "date": "2005-12-31",
        "symbol": "MMM",
        "reportedCurrency": "USD",
        "cik": "0000066740",
        "fillingDate": "2006-02-21",
        "acceptedDate": "2006-02-21 17:18:47",
        "calendarYear": "2005",
        "period": "FY",
        "revenue": 21167000000,
        "costOfRevenue": 10381000000,
        "grossProfit": 10786000000,
        "grossProfitRatio": 0.5095667784759295,
        "researchAndDevelopmentExpenses": 1242000000,
        "generalAndAdministrativeExpenses": 4535000000,
        "sellingAndMarketingExpenses": 0,
        "sellingGeneralAndAdministrativeExpenses": 4535000000,
        "otherExpenses": 0,
        "operatingExpenses": 5777000000,
        "costAndExpenses": 16158000000,
        "interestIncome": 56000000,
        "interestExpense": 82000000,
        "depreciationAndAmortization": 0,
        "ebitda": 4975000000,
        "ebitdaratio": 0.2350356687296263,
        "operatingIncome": 5009000000,
        "operatingIncomeRatio": 0.23664194264657248,
        "totalOtherIncomeExpensesNet": -26000000,
        "incomeBeforeTax": 4983000000,
        "incomeBeforeTaxRatio": 0.23541361553361365,
        "incomeTaxExpense": 1694000000,
        "netIncome": 3199000000,
        "netIncomeRatio": 0.1511314782444371,
        "eps": 4.18,
        "epsdiluted": 4.12,
        "weightedAverageShsOut": 764900000,
        "weightedAverageShsOutDil": 776900000,
        "link": "https://www.sec.gov/Archives/edgar/data/66740/000110465906010894/0001104659-06-010894-index.htm",
        "finalLink": "https://www.sec.gov/Archives/edgar/data/66740/000110465906010894/a06-1861_110k.htm"
    },
    {
        "date": "2004-12-31",
        "symbol": "MMM",
        "reportedCurrency": "USD",
        "cik": "0000066740",
        "fillingDate": "2005-02-24",
        "acceptedDate": "2005-02-24 09:00:19",
        "calendarYear": "2004",
        "period": "FY",
        "revenue": 20011000000,
        "costOfRevenue": 9958000000,
        "grossProfit": 10053000000,
        "grossProfitRatio": 0.5023736944680426,
        "researchAndDevelopmentExpenses": 1143000000,
        "generalAndAdministrativeExpenses": 4332000000,
        "sellingAndMarketingExpenses": 0,
        "sellingGeneralAndAdministrativeExpenses": 4332000000,
        "otherExpenses": 0,
        "operatingExpenses": 5475000000,
        "costAndExpenses": 15433000000,
        "interestIncome": 46000000,
        "interestExpense": 69000000,
        "depreciationAndAmortization": 0,
        "ebitda": 4562000000,
        "ebitdaratio": 0.22797461396232072,
        "operatingIncome": 4578000000,
        "operatingIncomeRatio": 0.2287741742041877,
        "totalOtherIncomeExpensesNet": -23000000,
        "incomeBeforeTax": 4555000000,
        "incomeBeforeTaxRatio": 0.22762480635650392,
        "incomeTaxExpense": 1503000000,
        "netIncome": 2990000000,
        "netIncomeRatio": 0.1494178201988906,
        "eps": 3.83,
        "epsdiluted": 3.75,
        "weightedAverageShsOut": 780500000,
        "weightedAverageShsOutDil": 796500000,
        "link": "https://www.sec.gov/Archives/edgar/data/66740/000110465905008057/0001104659-05-008057-index.htm",
        "finalLink": "https://www.sec.gov/Archives/edgar/data/66740/000110465905008057/a05-3853_110k.htm"
    },
    {
        "date": "2003-12-31",
        "symbol": "MMM",
        "reportedCurrency": "USD",
        "cik": "0000066740",
        "fillingDate": "2003-12-31",
        "acceptedDate": "2003-12-30 19:00:00",
        "calendarYear": "2003",
        "period": "FY",
        "revenue": 18232000000,
        "costOfRevenue": 9285000000,
        "grossProfit": 8947000000,
        "grossProfitRatio": 0.49073058358929356,
        "researchAndDevelopmentExpenses": 1102000000,
        "generalAndAdministrativeExpenses": 4039000000,
        "sellingAndMarketingExpenses": 0,
        "sellingGeneralAndAdministrativeExpenses": 4039000000,
        "otherExpenses": 0,
        "operatingExpenses": 5141000000,
        "costAndExpenses": 14426000000,
        "interestIncome": 28000000,
        "interestExpense": 84000000,
        "depreciationAndAmortization": 0,
        "ebitda": 3689000000,
        "ebitdaratio": 0.2023365511189118,
        "operatingIncome": 3713000000,
        "operatingIncomeRatio": 0.20365291794646775,
        "totalOtherIncomeExpensesNet": -56000000,
        "incomeBeforeTax": 3657000000,
        "incomeBeforeTaxRatio": 0.2005813953488372,
        "incomeTaxExpense": 1202000000,
        "netIncome": 2403000000,
        "netIncomeRatio": 0.13180122860903906,
        "eps": 3.07,
        "epsdiluted": 3.02,
        "weightedAverageShsOut": 782800000,
        "weightedAverageShsOutDil": 795300000,
        "link": "",
        "finalLink": ""
    },
    {
        "date": "2002-12-31",
        "symbol": "MMM",
        "reportedCurrency": "USD",
        "cik": "0000066740",
        "fillingDate": "2002-12-31",
        "acceptedDate": "2002-12-30 19:00:00",
        "calendarYear": "2002",
        "period": "FY",
        "revenue": 16332000000,
        "costOfRevenue": 8496000000,
        "grossProfit": 7836000000,
        "grossProfitRatio": 0.47979426891991184,
        "researchAndDevelopmentExpenses": 1070000000,
        "generalAndAdministrativeExpenses": 3720000000,
        "sellingAndMarketingExpenses": 0,
        "sellingGeneralAndAdministrativeExpenses": 3720000000,
        "otherExpenses": 0,
        "operatingExpenses": 4790000000,
        "costAndExpenses": 13286000000,
        "interestIncome": 0,
        "interestExpense": 0,
        "depreciationAndAmortization": 954000000,
        "ebitda": 3894000000,
        "ebitdaratio": 0.23842762674504042,
        "operatingIncome": 3046000000,
        "operatingIncomeRatio": 0.18650502081802597,
        "totalOtherIncomeExpensesNet": -41000000,
        "incomeBeforeTax": 3005000000,
        "incomeBeforeTaxRatio": 0.1839946118050453,
        "incomeTaxExpense": 966000000,
        "netIncome": 1974000000,
        "netIncomeRatio": 0.12086700955180014,
        "eps": 2.53,
        "epsdiluted": 2.495,
        "weightedAverageShsOut": 780000000,
        "weightedAverageShsOutDil": 791000000,
        "link": "",
        "finalLink": ""
    },
    {
        "date": "2001-12-31",
        "symbol": "MMM",
        "reportedCurrency": "USD",
        "cik": "0000066740",
        "fillingDate": "2002-03-11",
        "acceptedDate": "2002-03-11 00:00:00",
        "calendarYear": "2001",
        "period": "FY",
        "revenue": 16079000000,
        "costOfRevenue": 8749000000,
        "grossProfit": 7330000000,
        "grossProfitRatio": 0.4558741215249705,
        "researchAndDevelopmentExpenses": 1084000000,
        "generalAndAdministrativeExpenses": 4061000000,
        "sellingAndMarketingExpenses": 0,
        "sellingGeneralAndAdministrativeExpenses": 4061000000,
        "otherExpenses": -88000000,
        "operatingExpenses": 5057000000,
        "costAndExpenses": 13806000000,
        "interestIncome": 0,
        "interestExpense": 0,
        "depreciationAndAmortization": 1089000000,
        "ebitda": 3221000000,
        "ebitdaratio": 0.2003234031967162,
        "operatingIncome": 2273000000,
        "operatingIncomeRatio": 0.14136451271845263,
        "totalOtherIncomeExpensesNet": -87000000,
        "incomeBeforeTax": 2186000000,
        "incomeBeforeTaxRatio": 0.1359537284657006,
        "incomeTaxExpense": 702000000,
        "netIncome": 1430000000,
        "netIncomeRatio": 0.08893587909695877,
        "eps": 1.815,
        "epsdiluted": 1.79,
        "weightedAverageShsOut": 788600000,
        "weightedAverageShsOutDil": 799800000,
        "link": "https://www.sec.gov/Archives/edgar/data/66740/000006674002000006/0000066740-02-000006-index.htm",
        "finalLink": "https://www.sec.gov/Archives/edgar/data/66740/000006674002000006/q40110kprimary6.txt"
    },
    {
        "date": "2000-12-31",
        "symbol": "MMM",
        "reportedCurrency": "USD",
        "cik": "0000066740",
        "fillingDate": "2001-02-20",
        "acceptedDate": "2001-02-20 00:00:00",
        "calendarYear": "2000",
        "period": "FY",
        "revenue": 16724000000,
        "costOfRevenue": 8787000000,
        "grossProfit": 7937000000,
        "grossProfitRatio": 0.4745874192776848,
        "researchAndDevelopmentExpenses": 1101000000,
        "generalAndAdministrativeExpenses": 3963000000,
        "sellingAndMarketingExpenses": 0,
        "sellingGeneralAndAdministrativeExpenses": 3963000000,
        "otherExpenses": -185000000,
        "operatingExpenses": 4879000000,
        "costAndExpenses": 13666000000,
        "interestIncome": 0,
        "interestExpense": 0,
        "depreciationAndAmortization": 1025000000,
        "ebitda": 3832000000,
        "ebitdaratio": 0.22913178665391054,
        "operatingIncome": 3058000000,
        "operatingIncomeRatio": 0.18285099258550586,
        "totalOtherIncomeExpensesNet": -84000000,
        "incomeBeforeTax": 2974000000,
        "incomeBeforeTaxRatio": 0.17782827074862473,
        "incomeTaxExpense": 1025000000,
        "netIncome": 1782000000,
        "netIncomeRatio": 0.10655345611097823,
        "eps": 2.25,
        "epsdiluted": 2.225,
        "weightedAverageShsOut": 791400000,
        "weightedAverageShsOutDil": 799800000,
        "link": "https://www.sec.gov/Archives/edgar/data/66740/000006674001000003/0000066740-01-000003-index.htm",
        "finalLink": "https://www.sec.gov/Archives/edgar/data/66740/000006674001000003/0000066740-01-000003-0001.txt"
    },
    {
        "date": "1999-12-31",
        "symbol": "MMM",
        "reportedCurrency": "USD",
        "cik": "0000066740",
        "fillingDate": "1999-12-31",
        "acceptedDate": "1999-12-30 19:00:00",
        "calendarYear": "1999",
        "period": "FY",
        "revenue": 15659000000,
        "costOfRevenue": 8852000000,
        "grossProfit": 6807000000,
        "grossProfitRatio": 0.434702088255955,
        "researchAndDevelopmentExpenses": 0,
        "generalAndAdministrativeExpenses": 3879000000,
        "sellingAndMarketingExpenses": 0,
        "sellingGeneralAndAdministrativeExpenses": 3879000000,
        "otherExpenses": 0,
        "operatingExpenses": 3879000000,
        "costAndExpenses": 12731000000,
        "interestIncome": 0,
        "interestExpense": 0,
        "depreciationAndAmortization": 900000000,
        "ebitda": 3695000000,
        "ebitdaratio": 0.23596653681588864,
        "operatingIncome": 2956000000,
        "operatingIncomeRatio": 0.1887732294527109,
        "totalOtherIncomeExpensesNet": -76000000,
        "incomeBeforeTax": 2880000000,
        "incomeBeforeTaxRatio": 0.1839197905357941,
        "incomeTaxExpense": 1032000000,
        "netIncome": 1763000000,
        "netIncomeRatio": 0.11258701066479342,
        "eps": 2.195,
        "epsdiluted": 2.17,
        "weightedAverageShsOut": 804000000,
        "weightedAverageShsOutDil": 813000000,
        "link": "",
        "finalLink": ""
    },
    {
        "date": "1998-12-31",
        "symbol": "MMM",
        "reportedCurrency": "USD",
        "cik": "0000066740",
        "fillingDate": "1998-12-31",
        "acceptedDate": "1998-12-30 19:00:00",
        "calendarYear": "1998",
        "period": "FY",
        "revenue": 15021000000,
        "costOfRevenue": 8705000000,
        "grossProfit": 6316000000,
        "grossProfitRatio": 0.42047799747020836,
        "researchAndDevelopmentExpenses": 0,
        "generalAndAdministrativeExpenses": 3784000000,
        "sellingAndMarketingExpenses": 0,
        "sellingGeneralAndAdministrativeExpenses": 3784000000,
        "otherExpenses": 0,
        "operatingExpenses": 3784000000,
        "costAndExpenses": 12489000000,
        "interestIncome": 0,
        "interestExpense": 0,
        "depreciationAndAmortization": 866000000,
        "ebitda": 2726000000,
        "ebitdaratio": 0.1814792623660209,
        "operatingIncome": 2039000000,
        "operatingIncomeRatio": 0.1357432927235204,
        "totalOtherIncomeExpensesNet": -87000000,
        "incomeBeforeTax": 1952000000,
        "incomeBeforeTaxRatio": 0.12995140137141337,
        "incomeTaxExpense": 685000000,
        "netIncome": 1175000000,
        "netIncomeRatio": 0.07822381998535384,
        "eps": 1.455,
        "epsdiluted": 1.44,
        "weightedAverageShsOut": 806600000,
        "weightedAverageShsOutDil": 816000000,
        "link": "",
        "finalLink": ""
    },
    {
        "date": "1997-12-31",
        "symbol": "MMM",
        "reportedCurrency": "USD",
        "cik": "0000066740",
        "fillingDate": "1997-12-31",
        "acceptedDate": "1997-12-30 19:00:00",
        "calendarYear": "1997",
        "period": "FY",
        "revenue": 15070000000,
        "costOfRevenue": 8580000000,
        "grossProfit": 6490000000,
        "grossProfitRatio": 0.4306569343065693,
        "researchAndDevelopmentExpenses": 0,
        "generalAndAdministrativeExpenses": 3815000000,
        "sellingAndMarketingExpenses": 0,
        "sellingGeneralAndAdministrativeExpenses": 3815000000,
        "otherExpenses": 0,
        "operatingExpenses": 3815000000,
        "costAndExpenses": 12395000000,
        "interestIncome": 0,
        "interestExpense": 0,
        "depreciationAndAmortization": 870000000,
        "ebitda": 4232000000,
        "ebitdaratio": 0.2808228268082283,
        "operatingIncome": 2675000000,
        "operatingIncomeRatio": 0.17750497677504976,
        "totalOtherIncomeExpensesNet": 765000000,
        "incomeBeforeTax": 3440000000,
        "incomeBeforeTaxRatio": 0.22826808228268083,
        "incomeTaxExpense": 1241000000,
        "netIncome": 2121000000,
        "netIncomeRatio": 0.140743198407432,
        "eps": 2.57,
        "epsdiluted": 2.53,
        "weightedAverageShsOut": 825400000,
        "weightedAverageShsOutDil": 838339921,
        "link": "",
        "finalLink": ""
    },
    {
        "date": "1996-12-31",
        "symbol": "MMM",
        "reportedCurrency": "USD",
        "cik": "0000066740",
        "fillingDate": "1997-03-11",
        "acceptedDate": "1997-03-11 00:00:00",
        "calendarYear": "1996",
        "period": "FY",
        "revenue": 14236000000,
        "costOfRevenue": 8099000000,
        "grossProfit": 6137000000,
        "grossProfitRatio": 0.4310901938746839,
        "researchAndDevelopmentExpenses": 0,
        "generalAndAdministrativeExpenses": 3646000000,
        "sellingAndMarketingExpenses": 0,
        "sellingGeneralAndAdministrativeExpenses": 3646000000,
        "otherExpenses": 0,
        "operatingExpenses": 3646000000,
        "costAndExpenses": 11745000000,
        "interestIncome": 0,
        "interestExpense": 0,
        "depreciationAndAmortization": 883000000,
        "ebitda": 3295000000,
        "ebitdaratio": 0.23145546501826356,
        "operatingIncome": 2491000000,
        "operatingIncomeRatio": 0.17497892666479348,
        "totalOtherIncomeExpensesNet": -89000000,
        "incomeBeforeTax": 2402000000,
        "incomeBeforeTaxRatio": 0.16872717055352626,
        "incomeTaxExpense": 886000000,
        "netIncome": 1526000000,
        "netIncomeRatio": 0.1071930317504917,
        "eps": 1.825,
        "epsdiluted": 1.825,
        "weightedAverageShsOut": 836400000,
        "weightedAverageShsOutDil": 852456000,
        "link": "https://www.sec.gov/Archives/edgar/data/66740/000006674097000003/0000066740-97-000003-index.html",
        "finalLink": "https://www.sec.gov/Archives/edgar/data/66740/0000066740-97-000003.txt"
    },
    {
        "date": "1995-12-31",
        "symbol": "MMM",
        "reportedCurrency": "USD",
        "cik": "0000066740",
        "fillingDate": "1995-12-31",
        "acceptedDate": "1995-12-30 19:00:00",
        "calendarYear": "1995",
        "period": "FY",
        "revenue": 13460000000,
        "costOfRevenue": 7720000000,
        "grossProfit": 5740000000,
        "grossProfitRatio": 0.4264487369985141,
        "researchAndDevelopmentExpenses": 0,
        "generalAndAdministrativeExpenses": 3440000000,
        "sellingAndMarketingExpenses": 0,
        "sellingGeneralAndAdministrativeExpenses": 3440000000,
        "otherExpenses": 0,
        "operatingExpenses": 3440000000,
        "costAndExpenses": 11160000000,
        "interestIncome": 0,
        "interestExpense": 0,
        "depreciationAndAmortization": 859000000,
        "ebitda": 2620000000,
        "ebitdaratio": 0.19465081723625557,
        "operatingIncome": 2221000000,
        "operatingIncomeRatio": 0.1650074294205052,
        "totalOtherIncomeExpensesNet": -130000000,
        "incomeBeforeTax": 2091000000,
        "incomeBeforeTaxRatio": 0.15534918276374443,
        "incomeTaxExpense": 785000000,
        "netIncome": 976000000,
        "netIncomeRatio": 0.07251114413075781,
        "eps": 1.16,
        "epsdiluted": 1.16,
        "weightedAverageShsOut": 839600000,
        "weightedAverageShsOutDil": 847818000,
        "link": "",
        "finalLink": ""
    },
    {
        "date": "1994-12-31",
        "symbol": "MMM",
        "reportedCurrency": "USD",
        "cik": "0000066740",
        "fillingDate": "1994-12-31",
        "acceptedDate": "1994-12-30 19:00:00",
        "calendarYear": "1994",
        "period": "FY",
        "revenue": 15079000000,
        "costOfRevenue": 8995000000,
        "grossProfit": 6084000000,
        "grossProfitRatio": 0.40347503150076264,
        "researchAndDevelopmentExpenses": 0,
        "generalAndAdministrativeExpenses": 3833000000,
        "sellingAndMarketingExpenses": 0,
        "sellingGeneralAndAdministrativeExpenses": 3833000000,
        "otherExpenses": 0,
        "operatingExpenses": 3833000000,
        "costAndExpenses": 12828000000,
        "interestIncome": 0,
        "interestExpense": 0,
        "depreciationAndAmortization": 1101000000,
        "ebitda": 3194000000,
        "ebitdaratio": 0.21181775979839512,
        "operatingIncome": 2251000000,
        "operatingIncomeRatio": 0.14928045626367797,
        "totalOtherIncomeExpensesNet": -158000000,
        "incomeBeforeTax": 2093000000,
        "incomeBeforeTaxRatio": 0.13880230784534783,
        "incomeTaxExpense": 771000000,
        "netIncome": 1322000000,
        "netIncomeRatio": 0.08767159625969892,
        "eps": 1.565,
        "epsdiluted": 1.565,
        "weightedAverageShsOut": 846000000,
        "weightedAverageShsOutDil": 856494000,
        "link": "",
        "finalLink": ""
    },
    {
        "date": "1993-12-31",
        "symbol": "MMM",
        "reportedCurrency": "USD",
        "cik": "0000066740",
        "fillingDate": "1994-03-07",
        "acceptedDate": "1994-03-07 00:00:00",
        "calendarYear": "1993",
        "period": "FY",
        "revenue": 14020000000,
        "costOfRevenue": 7453000000,
        "grossProfit": 6567000000,
        "grossProfitRatio": 0.4684022824536377,
        "researchAndDevelopmentExpenses": 0,
        "generalAndAdministrativeExpenses": 3535000000,
        "sellingAndMarketingExpenses": 0,
        "sellingGeneralAndAdministrativeExpenses": 3535000000,
        "otherExpenses": 1076000000,
        "operatingExpenses": 4611000000,
        "costAndExpenses": 12064000000,
        "interestIncome": 0,
        "interestExpense": 0,
        "depreciationAndAmortization": 1076000000,
        "ebitda": 3046000000,
        "ebitdaratio": 0.2172610556348074,
        "operatingIncome": 1956000000,
        "operatingIncomeRatio": 0.13951497860199716,
        "totalOtherIncomeExpensesNet": 14000000,
        "incomeBeforeTax": 1970000000,
        "incomeBeforeTaxRatio": 0.1405135520684736,
        "incomeTaxExpense": 707000000,
        "netIncome": 1263000000,
        "netIncomeRatio": 0.09008559201141227,
        "eps": 1.305,
        "epsdiluted": 1.295,
        "weightedAverageShsOut": 967816092,
        "weightedAverageShsOutDil": 975289575,
        "link": "https://www.sec.gov/Archives/edgar/data/66740/000006674094000007/0000066740-94-000007-index.html",
        "finalLink": "https://www.sec.gov/Archives/edgar/data/66740/0000066740-94-000007.txt"
    },
    {
        "date": "1992-12-31",
        "symbol": "MMM",
        "reportedCurrency": "USD",
        "cik": "0000066740",
        "fillingDate": "1992-12-31",
        "acceptedDate": "1992-12-30 19:00:00",
        "calendarYear": "1992",
        "period": "FY",
        "revenue": 13883000000,
        "costOfRevenue": 7259000000,
        "grossProfit": 6624000000,
        "grossProfitRatio": 0.4771303032485774,
        "researchAndDevelopmentExpenses": 0,
        "generalAndAdministrativeExpenses": 0,
        "sellingAndMarketingExpenses": 0,
        "sellingGeneralAndAdministrativeExpenses": 3543000000,
        "otherExpenses": 1087000000,
        "operatingExpenses": 4630000000,
        "costAndExpenses": 11889000000,
        "interestIncome": 0,
        "interestExpense": 0,
        "depreciationAndAmortization": 1087000000,
        "ebitda": 3009700000,
        "ebitdaratio": 0.21679031909529642,
        "operatingIncome": 1994000000,
        "operatingIncomeRatio": 0.14362889865302889,
        "totalOtherIncomeExpensesNet": -71000000,
        "incomeBeforeTax": 1923000000,
        "incomeBeforeTaxRatio": 0.13851473024562413,
        "incomeTaxExpense": 687000000,
        "netIncome": 1235700000,
        "netIncomeRatio": 0.08900813945112727,
        "eps": 1.41,
        "epsdiluted": 1.41,
        "weightedAverageShsOut": 876382979,
        "weightedAverageShsOutDil": 876382979,
        "link": "",
        "finalLink": ""
    },
    {
        "date": "1991-12-31",
        "symbol": "MMM",
        "reportedCurrency": "USD",
        "cik": "0000066740",
        "fillingDate": "1991-12-31",
        "acceptedDate": "1991-12-30 19:00:00",
        "calendarYear": "1991",
        "period": "FY",
        "revenue": 13340000000,
        "costOfRevenue": 7089000000,
        "grossProfit": 6251000000,
        "grossProfitRatio": 0.46859070464767616,
        "researchAndDevelopmentExpenses": 0,
        "generalAndAdministrativeExpenses": 0,
        "sellingAndMarketingExpenses": 0,
        "sellingGeneralAndAdministrativeExpenses": 3323000000,
        "otherExpenses": 969000000,
        "operatingExpenses": 4292000000,
        "costAndExpenses": 11381000000,
        "interestIncome": 0,
        "interestExpense": 0,
        "depreciationAndAmortization": 969000000,
        "ebitda": 2814000000,
        "ebitdaratio": 0.21094452773613193,
        "operatingIncome": 1959000000,
        "operatingIncomeRatio": 0.14685157421289355,
        "totalOtherIncomeExpensesNet": -114000000,
        "incomeBeforeTax": 1845000000,
        "incomeBeforeTaxRatio": 0.13830584707646176,
        "incomeTaxExpense": 691000000,
        "netIncome": 1154000000,
        "netIncomeRatio": 0.08650674662668666,
        "eps": 1.315,
        "epsdiluted": 1.315,
        "weightedAverageShsOut": 877566540,
        "weightedAverageShsOutDil": 877566540,
        "link": "",
        "finalLink": ""
    },
    {
        "date": "1990-12-31",
        "symbol": "MMM",
        "reportedCurrency": "USD",
        "cik": "0000066740",
        "fillingDate": "1990-12-31",
        "acceptedDate": "1990-12-30 19:00:00",
        "calendarYear": "1990",
        "period": "FY",
        "revenue": 13021000000,
        "costOfRevenue": 6875000000,
        "grossProfit": 6146000000,
        "grossProfitRatio": 0.4720067583134936,
        "researchAndDevelopmentExpenses": 0,
        "generalAndAdministrativeExpenses": 0,
        "sellingAndMarketingExpenses": 0,
        "sellingGeneralAndAdministrativeExpenses": 3174000000,
        "otherExpenses": 781000000,
        "operatingExpenses": 3955000000,
        "costAndExpenses": 10830000000,
        "interestIncome": 0,
        "interestExpense": 0,
        "depreciationAndAmortization": 781000000,
        "ebitda": 2887000000,
        "ebitdaratio": 0.22171876199984641,
        "operatingIncome": 2191000000,
        "operatingIncomeRatio": 0.1682666461869288,
        "totalOtherIncomeExpensesNet": -85000000,
        "incomeBeforeTax": 2106000000,
        "incomeBeforeTaxRatio": 0.16173872974425926,
        "incomeTaxExpense": 798000000,
        "netIncome": 1308000000,
        "netIncomeRatio": 0.10045311420013824,
        "eps": 1.48,
        "epsdiluted": 1.48,
        "weightedAverageShsOut": 883783784,
        "weightedAverageShsOutDil": 883783784,
        "link": "",
        "finalLink": ""
    },
    {
        "date": "1989-12-31",
        "symbol": "MMM",
        "reportedCurrency": "USD",
        "cik": "0000066740",
        "fillingDate": "1989-12-31",
        "acceptedDate": "1989-12-30 19:00:00",
        "calendarYear": "1989",
        "period": "FY",
        "revenue": 11990000000,
        "costOfRevenue": 6246000000,
        "grossProfit": 5744000000,
        "grossProfitRatio": 0.4790658882402002,
        "researchAndDevelopmentExpenses": 0,
        "generalAndAdministrativeExpenses": 0,
        "sellingAndMarketingExpenses": 0,
        "sellingGeneralAndAdministrativeExpenses": 2894000000,
        "otherExpenses": 700000000,
        "operatingExpenses": 3594000000,
        "costAndExpenses": 9840000000,
        "interestIncome": 0,
        "interestExpense": 0,
        "depreciationAndAmortization": 700000000,
        "ebitda": 2769000000,
        "ebitdaratio": 0.23094245204336947,
        "operatingIncome": 2150000000,
        "operatingIncomeRatio": 0.1793160967472894,
        "totalOtherIncomeExpensesNet": -81000000,
        "incomeBeforeTax": 2069000000,
        "incomeBeforeTaxRatio": 0.1725604670558799,
        "incomeTaxExpense": 825000000,
        "netIncome": 1244000000,
        "netIncomeRatio": 0.10375312760633862,
        "eps": 1.4,
        "epsdiluted": 1.4,
        "weightedAverageShsOut": 888571429,
        "weightedAverageShsOutDil": 888571429,
        "link": "",
        "finalLink": ""
    },
    {
        "date": "1988-12-31",
        "symbol": "MMM",
        "reportedCurrency": "USD",
        "cik": "0000066740",
        "fillingDate": "1988-12-31",
        "acceptedDate": "1988-12-30 19:00:00",
        "calendarYear": "1988",
        "period": "FY",
        "revenue": 10581000000,
        "costOfRevenue": 8066000000,
        "grossProfit": 2515000000,
        "grossProfitRatio": 0.23769019941404404,
        "researchAndDevelopmentExpenses": 0,
        "generalAndAdministrativeExpenses": 0,
        "sellingAndMarketingExpenses": 0,
        "sellingGeneralAndAdministrativeExpenses": 0,
        "otherExpenses": 632000000,
        "operatingExpenses": 632000000,
        "costAndExpenses": 8698000000,
        "interestIncome": 0,
        "interestExpense": 0,
        "depreciationAndAmortization": 0,
        "ebitda": 1882000000,
        "ebitdaratio": 0.17786598620168226,
        "operatingIncome": 1883000000,
        "operatingIncomeRatio": 0.1779604952272942,
        "totalOtherIncomeExpensesNet": -1000000,
        "incomeBeforeTax": 1882000000,
        "incomeBeforeTaxRatio": 0.17786598620168226,
        "incomeTaxExpense": 728000000,
        "netIncome": 1154000000,
        "netIncomeRatio": 0.10906341555618562,
        "eps": 1.275,
        "epsdiluted": 1.275,
        "weightedAverageShsOut": 905098039,
        "weightedAverageShsOutDil": 905098039,
        "link": "",
        "finalLink": ""
    },
    {
        "date": "1987-12-31",
        "symbol": "MMM",
        "reportedCurrency": "USD",
        "cik": "0000066740",
        "fillingDate": "1987-12-31",
        "acceptedDate": "1987-12-30 19:00:00",
        "calendarYear": "1987",
        "period": "FY",
        "revenue": 9429000000,
        "costOfRevenue": 4949000000,
        "grossProfit": 4480000000,
        "grossProfitRatio": 0.47512991833704527,
        "researchAndDevelopmentExpenses": 0,
        "generalAndAdministrativeExpenses": 0,
        "sellingAndMarketingExpenses": 0,
        "sellingGeneralAndAdministrativeExpenses": 2338000000,
        "otherExpenses": 564000000,
        "operatingExpenses": 2902000000,
        "costAndExpenses": 7851000000,
        "interestIncome": 0,
        "interestExpense": 0,
        "depreciationAndAmortization": 0,
        "ebitda": 1565000000,
        "ebitdaratio": 0.1659773040619366,
        "operatingIncome": 1578000000,
        "operatingIncomeRatio": 0.16735602927139676,
        "totalOtherIncomeExpensesNet": -13000000,
        "incomeBeforeTax": 1565000000,
        "incomeBeforeTaxRatio": 0.1659773040619366,
        "incomeTaxExpense": 647000000,
        "netIncome": 918000000,
        "netIncomeRatio": 0.09735921094495704,
        "eps": 1.005,
        "epsdiluted": 1.005,
        "weightedAverageShsOut": 913432836,
        "weightedAverageShsOutDil": 913432836,
        "link": "",
        "finalLink": ""
    },
    {
        "date": "1986-12-31",
        "symbol": "MMM",
        "reportedCurrency": "USD",
        "cik": "0000066740",
        "fillingDate": "1986-12-31",
        "acceptedDate": "1986-12-30 19:00:00",
        "calendarYear": "1986",
        "period": "FY",
        "revenue": 8602000000,
        "costOfRevenue": 4567000000,
        "grossProfit": 4035000000,
        "grossProfitRatio": 0.4690769588467798,
        "researchAndDevelopmentExpenses": 0,
        "generalAndAdministrativeExpenses": 0,
        "sellingAndMarketingExpenses": 0,
        "sellingGeneralAndAdministrativeExpenses": 2118000000,
        "otherExpenses": 507000000,
        "operatingExpenses": 2625000000,
        "costAndExpenses": 7192000000,
        "interestIncome": 0,
        "interestExpense": 0,
        "depreciationAndAmortization": 0,
        "ebitda": 1348000000,
        "ebitdaratio": 0.15670774238549173,
        "operatingIncome": 1410000000,
        "operatingIncomeRatio": 0.16391536851894908,
        "totalOtherIncomeExpensesNet": -62000000,
        "incomeBeforeTax": 1348000000,
        "incomeBeforeTaxRatio": 0.15670774238549173,
        "incomeTaxExpense": 569000000,
        "netIncome": 779000000,
        "netIncomeRatio": 0.09056033480585911,
        "eps": 0.85,
        "epsdiluted": 0.85,
        "weightedAverageShsOut": 916470588,
        "weightedAverageShsOutDil": 916470588,
        "link": "",
        "finalLink": ""
    },
    {
        "date": "1985-12-31",
        "symbol": "MMM",
        "reportedCurrency": "USD",
        "cik": "0000066740",
        "fillingDate": "1985-12-31",
        "acceptedDate": "1985-12-30 19:00:00",
        "calendarYear": "1985",
        "period": "FY",
        "revenue": 7846000000,
        "costOfRevenue": 4302000000,
        "grossProfit": 3544000000,
        "grossProfitRatio": 0.4516951312770839,
        "researchAndDevelopmentExpenses": 0,
        "generalAndAdministrativeExpenses": 0,
        "sellingAndMarketingExpenses": 0,
        "sellingGeneralAndAdministrativeExpenses": 1950000000,
        "otherExpenses": 444000000,
        "operatingExpenses": 2394000000,
        "costAndExpenses": 6696000000,
        "interestIncome": 0,
        "interestExpense": 0,
        "depreciationAndAmortization": 0,
        "ebitda": 1097000000,
        "ebitdaratio": 0.1398164669895488,
        "operatingIncome": 1150000000,
        "operatingIncomeRatio": 0.14657150140198827,
        "totalOtherIncomeExpensesNet": -53000000,
        "incomeBeforeTax": 1097000000,
        "incomeBeforeTaxRatio": 0.1398164669895488,
        "incomeTaxExpense": 433000000,
        "netIncome": 664000000,
        "netIncomeRatio": 0.08462911037471323,
        "eps": 0.725,
        "epsdiluted": 0.725,
        "weightedAverageShsOut": 915862069,
        "weightedAverageShsOutDil": 915862069,
        "link": "",
        "finalLink": ""
    }
]