[
    {
        "date": "2021-12-31",
        "symbol": "MRK",
        "reportedCurrency": "USD",
        "cik": "0000310158",
        "fillingDate": "2022-02-25",
        "acceptedDate": "2022-02-25 16:44:28",
        "calendarYear": "2021",
        "period": "FY",
        "revenue": 48704000000,
        "costOfRevenue": 13626000000,
        "grossProfit": 35078000000,
        "grossProfitRatio": 0.7202283180026281,
        "researchAndDevelopmentExpenses": 12245000000,
        "generalAndAdministrativeExpenses": 0,
        "sellingAndMarketingExpenses": 0,
        "sellingGeneralAndAdministrativeExpenses": 9634000000,
        "otherExpenses": 0,
        "operatingExpenses": 21879000000,
        "costAndExpenses": 35505000000,
        "interestIncome": 36000000,
        "interestExpense": 806000000,
        "depreciationAndAmortization": 3214000000,
        "ebitda": 18590000000,
        "ebitdaratio": 0.38169349540078845,
        "operatingIncome": 13199000000,
        "operatingIncomeRatio": 0.2710044349540079,
        "totalOtherIncomeExpensesNet": 680000000,
        "incomeBeforeTax": 13879000000,
        "incomeBeforeTaxRatio": 0.28496632720105125,
        "incomeTaxExpense": 1521000000,
        "netIncome": 13049000000,
        "netIncomeRatio": 0.26792460578186594,
        "eps": 5.157247175629276,
        "epsdiluted": 5.157247175629276,
        "weightedAverageShsOut": 2530000000,
        "weightedAverageShsOutDil": 2530000000,
        "link": "https://www.sec.gov/Archives/edgar/data/310158/000031015822000003/0000310158-22-000003-index.htm",
        "finalLink": "https://www.sec.gov/Archives/edgar/data/310158/000031015822000003/mrk-20211231.htm"
    },
    {
        "date": "2020-12-31",
        "symbol": "MRK",
        "reportedCurrency": "USD",
        "cik": "0000310158",
        "fillingDate": "2021-02-25",
        "acceptedDate": "2021-02-25 16:34:56",
        "calendarYear": "2020",
        "period": "FY",
        "revenue": 47994000000,
        "costOfRevenue": 15485000000,
        "grossProfit": 32509000000,
        "grossProfitRatio": 0.6773555027711797,
        "researchAndDevelopmentExpenses": 13558000000,
        "generalAndAdministrativeExpenses": 10468000000,
        "sellingAndMarketingExpenses": 0,
        "sellingGeneralAndAdministrativeExpenses": 10468000000,
        "otherExpenses": 0,
        "operatingExpenses": 24026000000,
        "costAndExpenses": 39511000000,
        "interestIncome": 59000000,
        "interestExpense": 831000000,
        "depreciationAndAmortization": 3625000000,
        "ebitda": 13232000000,
        "ebitdaratio": 0.27570112930783014,
        "operatingIncome": 8483000000,
        "operatingIncomeRatio": 0.17675126057423846,
        "totalOtherIncomeExpensesNet": 308000000,
        "incomeBeforeTax": 8791000000,
        "incomeBeforeTaxRatio": 0.1831687294245114,
        "incomeTaxExpense": 1709000000,
        "netIncome": 7067000000,
        "netIncomeRatio": 0.1472475726132433,
        "eps": 2.793031,
        "epsdiluted": 2.78,
        "weightedAverageShsOut": 2530225827,
        "weightedAverageShsOutDil": 2541000000,
        "link": "https://www.sec.gov/Archives/edgar/data/310158/000031015821000004/0000310158-21-000004-index.htm",
        "finalLink": "https://www.sec.gov/Archives/edgar/data/310158/000031015821000004/mrk-20201231.htm"
    },
    {
        "date": "2019-12-31",
        "symbol": "MRK",
        "reportedCurrency": "USD",
        "cik": "0000310158",
        "fillingDate": "2020-02-26",
        "acceptedDate": "2020-02-26 16:36:07",
        "calendarYear": "2019",
        "period": "FY",
        "revenue": 46840000000,
        "costOfRevenue": 14112000000,
        "grossProfit": 32728000000,
        "grossProfitRatio": 0.6987190435525192,
        "researchAndDevelopmentExpenses": 9872000000,
        "generalAndAdministrativeExpenses": 10615000000,
        "sellingAndMarketingExpenses": 0,
        "sellingGeneralAndAdministrativeExpenses": 10615000000,
        "otherExpenses": 0,
        "operatingExpenses": 20487000000,
        "costAndExpenses": 34599000000,
        "interestIncome": 274000000,
        "interestExpense": 893000000,
        "depreciationAndAmortization": 3652000000,
        "ebitda": 16075000000,
        "ebitdaratio": 0.34318958155422713,
        "operatingIncome": 12241000000,
        "operatingIncomeRatio": 0.26133646456020493,
        "totalOtherIncomeExpensesNet": -777000000,
        "incomeBeforeTax": 11464000000,
        "incomeBeforeTaxRatio": 0.2447480785653288,
        "incomeTaxExpense": 1687000000,
        "netIncome": 9843000000,
        "netIncomeRatio": 0.21014090520922288,
        "eps": 3.876699,
        "epsdiluted": 3.81,
        "weightedAverageShsOut": 2539016026,
        "weightedAverageShsOutDil": 2580000000,
        "link": "https://www.sec.gov/Archives/edgar/data/310158/000031015820000005/0000310158-20-000005-index.html",
        "finalLink": "https://www.sec.gov/Archives/edgar/data/310158/000031015820000005/mrk1231201910k.htm"
    },
    {
        "date": "2018-12-31",
        "symbol": "MRK",
        "reportedCurrency": "USD",
        "cik": "0000310158",
        "fillingDate": "2019-02-27",
        "acceptedDate": "2019-02-27 16:36:42",
        "calendarYear": "2018",
        "period": "FY",
        "revenue": 42294000000,
        "costOfRevenue": 13509000000,
        "grossProfit": 28785000000,
        "grossProfitRatio": 0.6805929919137467,
        "researchAndDevelopmentExpenses": 9752000000,
        "generalAndAdministrativeExpenses": 10102000000,
        "sellingAndMarketingExpenses": 0,
        "sellingGeneralAndAdministrativeExpenses": 10102000000,
        "otherExpenses": 0,
        "operatingExpenses": 19854000000,
        "costAndExpenses": 33363000000,
        "interestIncome": 343000000,
        "interestExpense": 772000000,
        "depreciationAndAmortization": 4519000000,
        "ebitda": 14019000000,
        "ebitdaratio": 0.3314654560930628,
        "operatingIncome": 8931000000,
        "operatingIncomeRatio": 0.21116470421336359,
        "totalOtherIncomeExpensesNet": -230000000,
        "incomeBeforeTax": 8701000000,
        "incomeBeforeTaxRatio": 0.20572658060244953,
        "incomeTaxExpense": 2508000000,
        "netIncome": 6220000000,
        "netIncomeRatio": 0.14706577765167636,
        "eps": 2.399173,
        "epsdiluted": 2.32,
        "weightedAverageShsOut": 2592559543,
        "weightedAverageShsOutDil": 2679000000,
        "link": "https://www.sec.gov/Archives/edgar/data/310158/000031015819000014/0000310158-19-000014-index.html",
        "finalLink": "https://www.sec.gov/Archives/edgar/data/310158/000031015819000014/mrk1231201810k.htm"
    },
    {
        "date": "2017-12-31",
        "symbol": "MRK",
        "reportedCurrency": "USD",
        "cik": "0000310158",
        "fillingDate": "2018-02-27",
        "acceptedDate": "2018-02-27 16:33:07",
        "calendarYear": "2017",
        "period": "FY",
        "revenue": 40122000000,
        "costOfRevenue": 12775000000,
        "grossProfit": 27347000000,
        "grossProfitRatio": 0.681596131798016,
        "researchAndDevelopmentExpenses": 10208000000,
        "generalAndAdministrativeExpenses": 0,
        "sellingAndMarketingExpenses": 9830000000,
        "sellingGeneralAndAdministrativeExpenses": 9830000000,
        "otherExpenses": 0,
        "operatingExpenses": 20038000000,
        "costAndExpenses": 32813000000,
        "interestIncome": 385000000,
        "interestExpense": 754000000,
        "depreciationAndAmortization": 4637000000,
        "ebitda": 11888000000,
        "ebitdaratio": 0.2962962962962963,
        "operatingIncome": 7309000000,
        "operatingIncomeRatio": 0.1821693833806889,
        "totalOtherIncomeExpensesNet": -788000000,
        "incomeBeforeTax": 6521000000,
        "incomeBeforeTaxRatio": 0.16252928567868002,
        "incomeTaxExpense": 4103000000,
        "netIncome": 2394000000,
        "netIncomeRatio": 0.059668012561686856,
        "eps": 0.952306,
        "epsdiluted": 0.93,
        "weightedAverageShsOut": 2696611608,
        "weightedAverageShsOutDil": 2748000000,
        "link": "https://www.sec.gov/Archives/edgar/data/310158/000031015818000005/0000310158-18-000005-index.html",
        "finalLink": "https://www.sec.gov/Archives/edgar/data/310158/000031015818000005/mrk1231201710k.htm"
    },
    {
        "date": "2016-12-31",
        "symbol": "MRK",
        "reportedCurrency": "USD",
        "cik": "0000310158",
        "fillingDate": "2017-02-28",
        "acceptedDate": "2017-02-28 16:33:13",
        "calendarYear": "2016",
        "period": "FY",
        "revenue": 39807000000,
        "costOfRevenue": 13891000000,
        "grossProfit": 25916000000,
        "grossProfitRatio": 0.6510412741477629,
        "researchAndDevelopmentExpenses": 10124000000,
        "generalAndAdministrativeExpenses": 0,
        "sellingAndMarketingExpenses": 9762000000,
        "sellingGeneralAndAdministrativeExpenses": 9762000000,
        "otherExpenses": 0,
        "operatingExpenses": 19886000000,
        "costAndExpenses": 33777000000,
        "interestIncome": 328000000,
        "interestExpense": 693000000,
        "depreciationAndAmortization": 5441000000,
        "ebitda": 10772000000,
        "ebitdaratio": 0.2706056723691813,
        "operatingIncome": 6030000000,
        "operatingIncomeRatio": 0.1514808953199186,
        "totalOtherIncomeExpensesNet": -1371000000,
        "incomeBeforeTax": 4659000000,
        "incomeBeforeTaxRatio": 0.11703971663275303,
        "incomeTaxExpense": 718000000,
        "netIncome": 3920000000,
        "netIncomeRatio": 0.09847514256286583,
        "eps": 1.426112464548836,
        "epsdiluted": 1.406530319339792,
        "weightedAverageShsOut": 2748731322,
        "weightedAverageShsOutDil": 2787000000,
        "link": "https://www.sec.gov/Archives/edgar/data/310158/000031015817000010/0000310158-17-000010-index.html",
        "finalLink": "https://www.sec.gov/Archives/edgar/data/310158/000031015817000010/mrk1231201610k.htm"
    },
    {
        "date": "2015-12-31",
        "symbol": "MRK",
        "reportedCurrency": "USD",
        "cik": "0000310158",
        "fillingDate": "2016-02-26",
        "acceptedDate": "2016-02-26 16:04:31",
        "calendarYear": "2015",
        "period": "FY",
        "revenue": 39498000000,
        "costOfRevenue": 14934000000,
        "grossProfit": 24564000000,
        "grossProfitRatio": 0.6219049065775483,
        "researchAndDevelopmentExpenses": 6704000000,
        "generalAndAdministrativeExpenses": 0,
        "sellingAndMarketingExpenses": 10313000000,
        "sellingGeneralAndAdministrativeExpenses": 10313000000,
        "otherExpenses": 0,
        "operatingExpenses": 17017000000,
        "costAndExpenses": 31951000000,
        "interestIncome": 289000000,
        "interestExpense": 672000000,
        "depreciationAndAmortization": 6375000000,
        "ebitda": 12431000000,
        "ebitdaratio": 0.3147247961922123,
        "operatingIncome": 7547000000,
        "operatingIncomeRatio": 0.19107296571978327,
        "totalOtherIncomeExpensesNet": -2146000000,
        "incomeBeforeTax": 5401000000,
        "incomeBeforeTaxRatio": 0.13674110081523116,
        "incomeTaxExpense": 942000000,
        "netIncome": 4442000000,
        "netIncomeRatio": 0.11246139045014937,
        "eps": 1.597194,
        "epsdiluted": 1.56,
        "weightedAverageShsOut": 2781128073,
        "weightedAverageShsOutDil": 2841000000,
        "link": "https://www.sec.gov/Archives/edgar/data/310158/000031015816000063/0000310158-16-000063-index.html",
        "finalLink": "https://www.sec.gov/Archives/edgar/data/310158/000031015816000063/mrk1231201510k.htm"
    },
    {
        "date": "2014-12-31",
        "symbol": "MRK",
        "reportedCurrency": "USD",
        "cik": "0000310158",
        "fillingDate": "2015-02-27",
        "acceptedDate": "2015-02-27 14:02:50",
        "calendarYear": "2014",
        "period": "FY",
        "revenue": 42237000000,
        "costOfRevenue": 16768000000,
        "grossProfit": 25469000000,
        "grossProfitRatio": 0.6030021071572318,
        "researchAndDevelopmentExpenses": 7180000000,
        "generalAndAdministrativeExpenses": 0,
        "sellingAndMarketingExpenses": 11606000000,
        "sellingGeneralAndAdministrativeExpenses": 11606000000,
        "otherExpenses": 0,
        "operatingExpenses": 18786000000,
        "costAndExpenses": 35554000000,
        "interestIncome": 266000000,
        "interestExpense": 732000000,
        "depreciationAndAmortization": 6691000000,
        "ebitda": 24692000000,
        "ebitdaratio": 0.5846059142458034,
        "operatingIncome": 6683000000,
        "operatingIncomeRatio": 0.1582261997774463,
        "totalOtherIncomeExpensesNet": 10600000000,
        "incomeBeforeTax": 17283000000,
        "incomeBeforeTaxRatio": 0.4091909936785283,
        "incomeTaxExpense": 5349000000,
        "netIncome": 11920000000,
        "netIncomeRatio": 0.28221701351895256,
        "eps": 4.199933,
        "epsdiluted": 4.07,
        "weightedAverageShsOut": 2838140196,
        "weightedAverageShsOutDil": 2928000000,
        "link": "https://www.sec.gov/Archives/edgar/data/310158/000031015815000005/mrk1231201410k.htm",
        "finalLink": "https://www.sec.gov/Archives/edgar/data/310158/000031015815000005/mrk1231201410k.htm"
    },
    {
        "date": "2013-12-31",
        "symbol": "MRK",
        "reportedCurrency": "USD",
        "cik": "0000310158",
        "fillingDate": "2014-02-27",
        "acceptedDate": "2014-02-27 16:59:59",
        "calendarYear": "2013",
        "period": "FY",
        "revenue": 44033000000,
        "costOfRevenue": 16954000000,
        "grossProfit": 27079000000,
        "grossProfitRatio": 0.6149705902391388,
        "researchAndDevelopmentExpenses": 7503000000,
        "generalAndAdministrativeExpenses": 0,
        "sellingAndMarketingExpenses": 11911000000,
        "sellingGeneralAndAdministrativeExpenses": 11911000000,
        "otherExpenses": 0,
        "operatingExpenses": 19414000000,
        "costAndExpenses": 36368000000,
        "interestIncome": 264000000,
        "interestExpense": 801000000,
        "depreciationAndAmortization": 6988000000,
        "ebitda": 13221000000,
        "ebitdaratio": 0.3002520836645243,
        "operatingIncome": 7665000000,
        "operatingIncomeRatio": 0.1740739899620739,
        "totalOtherIncomeExpensesNet": -2120000000,
        "incomeBeforeTax": 5545000000,
        "incomeBeforeTaxRatio": 0.12592828106193082,
        "incomeTaxExpense": 1028000000,
        "netIncome": 4404000000,
        "netIncomeRatio": 0.10001589716803307,
        "eps": 1.504342,
        "epsdiluted": 1.47,
        "weightedAverageShsOut": 2927526714,
        "weightedAverageShsOutDil": 2996000000,
        "link": "https://www.sec.gov/Archives/edgar/data/310158/000031015814000009/mrk1231201310k.htm",
        "finalLink": "https://www.sec.gov/Archives/edgar/data/310158/000031015814000009/mrk1231201310k.htm"
    },
    {
        "date": "2012-12-31",
        "symbol": "MRK",
        "reportedCurrency": "USD",
        "cik": "0000310158",
        "fillingDate": "2013-02-28",
        "acceptedDate": "2013-02-28 16:54:26",
        "calendarYear": "2012",
        "period": "FY",
        "revenue": 47267000000,
        "costOfRevenue": 16446000000,
        "grossProfit": 30821000000,
        "grossProfitRatio": 0.6520616920896185,
        "researchAndDevelopmentExpenses": 8168000000,
        "generalAndAdministrativeExpenses": 0,
        "sellingAndMarketingExpenses": 12776000000,
        "sellingGeneralAndAdministrativeExpenses": 12776000000,
        "otherExpenses": 0,
        "operatingExpenses": 20944000000,
        "costAndExpenses": 37390000000,
        "interestIncome": 232000000,
        "interestExpense": 714000000,
        "depreciationAndAmortization": 6978000000,
        "ebitda": 16300000000,
        "ebitdaratio": 0.3448494721475871,
        "operatingIncome": 9877000000,
        "operatingIncomeRatio": 0.20896185499397044,
        "totalOtherIncomeExpensesNet": -1138000000,
        "incomeBeforeTax": 8739000000,
        "incomeBeforeTaxRatio": 0.18488586117164194,
        "incomeTaxExpense": 2440000000,
        "netIncome": 6168000000,
        "netIncomeRatio": 0.1304927327733937,
        "eps": 2.200794,
        "epsdiluted": 2.16,
        "weightedAverageShsOut": 3026635301,
        "weightedAverageShsOutDil": 3076000000,
        "link": "https://www.sec.gov/Archives/edgar/data/310158/000119312513084618/0001193125-13-084618-index.html",
        "finalLink": "https://www.sec.gov/Archives/edgar/data/310158/000119312513084618/d438975d10k.htm"
    },
    {
        "date": "2011-12-31",
        "symbol": "MRK",
        "reportedCurrency": "USD",
        "cik": "0000310158",
        "fillingDate": "2012-02-28",
        "acceptedDate": "2012-02-28 13:09:51",
        "calendarYear": "2011",
        "period": "FY",
        "revenue": 48047000000,
        "costOfRevenue": 16871000000,
        "grossProfit": 31176000000,
        "grossProfitRatio": 0.6488646533602515,
        "researchAndDevelopmentExpenses": 8467000000,
        "generalAndAdministrativeExpenses": 13733000000,
        "sellingAndMarketingExpenses": 0,
        "sellingGeneralAndAdministrativeExpenses": 13733000000,
        "otherExpenses": 0,
        "operatingExpenses": 22200000000,
        "costAndExpenses": 39071000000,
        "interestIncome": 199000000,
        "interestExpense": 749000000,
        "depreciationAndAmortization": 7427000000,
        "ebitda": 15390000000,
        "ebitdaratio": 0.3203113617915791,
        "operatingIncome": 8976000000,
        "operatingIncomeRatio": 0.1868170749474473,
        "totalOtherIncomeExpensesNet": -1642000000,
        "incomeBeforeTax": 7334000000,
        "incomeBeforeTaxRatio": 0.15264220450808583,
        "incomeTaxExpense": 942000000,
        "netIncome": 6272000000,
        "netIncomeRatio": 0.13053884737860844,
        "eps": 2.062589,
        "epsdiluted": 2.02,
        "weightedAverageShsOut": 3040838643,
        "weightedAverageShsOutDil": 3094000000,
        "link": "https://www.sec.gov/Archives/edgar/data/310158/000119312512084319/0001193125-12-084319-index.html",
        "finalLink": "https://www.sec.gov/Archives/edgar/data/310158/000119312512084319/d274705d10k.htm"
    },
    {
        "date": "2010-12-31",
        "symbol": "MRK",
        "reportedCurrency": "USD",
        "cik": "0000310158",
        "fillingDate": "2011-02-28",
        "acceptedDate": "2011-02-28 08:05:34",
        "calendarYear": "2010",
        "period": "FY",
        "revenue": 45987000000,
        "costOfRevenue": 18396000000,
        "grossProfit": 27591000000,
        "grossProfitRatio": 0.5999739056689934,
        "researchAndDevelopmentExpenses": 10991000000,
        "generalAndAdministrativeExpenses": 13245000000,
        "sellingAndMarketingExpenses": 0,
        "sellingGeneralAndAdministrativeExpenses": 13245000000,
        "otherExpenses": 0,
        "operatingExpenses": 24236000000,
        "costAndExpenses": 42632000000,
        "interestIncome": 83000000,
        "interestExpense": 715000000,
        "depreciationAndAmortization": 7381000000,
        "ebitda": 9628000000,
        "ebitdaratio": 0.20936351577619763,
        "operatingIncome": 3355000000,
        "operatingIncomeRatio": 0.07295540043925457,
        "totalOtherIncomeExpensesNet": -1702000000,
        "incomeBeforeTax": 1653000000,
        "incomeBeforeTaxRatio": 0.0359449409615761,
        "incomeTaxExpense": 671000000,
        "netIncome": 861000000,
        "netIncomeRatio": 0.01872268249722748,
        "eps": 0.28,
        "epsdiluted": 0.28,
        "weightedAverageShsOut": 3095000000,
        "weightedAverageShsOutDil": 3120000000,
        "link": "https://www.sec.gov/Archives/edgar/data/310158/000095012311019286/y87773e10vk.htm",
        "finalLink": "https://www.sec.gov/Archives/edgar/data/310158/000095012311019286/y87773e10vk.htm"
    },
    {
        "date": "2009-12-31",
        "symbol": "MRK",
        "reportedCurrency": "USD",
        "cik": "0000310158",
        "fillingDate": "2010-03-01",
        "acceptedDate": "2010-03-01 07:33:21",
        "calendarYear": "2009",
        "period": "FY",
        "revenue": 27428300000,
        "costOfRevenue": 9018900000,
        "grossProfit": 18409400000,
        "grossProfitRatio": 0.6711826835786395,
        "researchAndDevelopmentExpenses": 5845000000,
        "generalAndAdministrativeExpenses": 8543200000,
        "sellingAndMarketingExpenses": 0,
        "sellingGeneralAndAdministrativeExpenses": 8543200000,
        "otherExpenses": 0,
        "operatingExpenses": 14388200000,
        "costAndExpenses": 23407100000,
        "interestIncome": 210200000,
        "interestExpense": 458000000,
        "depreciationAndAmortization": 2576000000,
        "ebitda": 18202900000,
        "ebitdaratio": 0.6636539632423446,
        "operatingIncome": 4021200000,
        "operatingIncomeRatio": 0.14660770080537255,
        "totalOtherIncomeExpensesNet": 11270600000,
        "incomeBeforeTax": 15291800000,
        "incomeBeforeTaxRatio": 0.5575190587823525,
        "incomeTaxExpense": 2267600000,
        "netIncome": 12901300000,
        "netIncomeRatio": 0.47036455048253084,
        "eps": 4.150025,
        "epsdiluted": 4.150025,
        "weightedAverageShsOut": 2108500000,
        "weightedAverageShsOutDil": 2273200000,
        "link": "https://www.sec.gov/Archives/edgar/data/310158/000095012310018679/0000950123-10-018679-index.html",
        "finalLink": "https://www.sec.gov/Archives/edgar/data/310158/000095012310018679/y81622e10vk.htm"
    },
    {
        "date": "2008-12-31",
        "symbol": "MRK",
        "reportedCurrency": "USD",
        "cik": "0000310158",
        "fillingDate": "2009-02-27",
        "acceptedDate": "2009-02-27 16:57:48",
        "calendarYear": "2008",
        "period": "FY",
        "revenue": 23850300000,
        "costOfRevenue": 5582500000,
        "grossProfit": 18267800000,
        "grossProfitRatio": 0.7659358582491624,
        "researchAndDevelopmentExpenses": 4805300000,
        "generalAndAdministrativeExpenses": 7377000000,
        "sellingAndMarketingExpenses": 0,
        "sellingGeneralAndAdministrativeExpenses": 7377000000,
        "otherExpenses": 0,
        "operatingExpenses": 12182300000,
        "costAndExpenses": 17764800000,
        "interestIncome": 0,
        "interestExpense": 0,
        "depreciationAndAmortization": 1631200000,
        "ebitda": 11439000000,
        "ebitdaratio": 0.47961660859611827,
        "operatingIncome": 6085500000,
        "operatingIncomeRatio": 0.2551540232198337,
        "totalOtherIncomeExpensesNet": 3722300000,
        "incomeBeforeTax": 9807800000,
        "incomeBeforeTaxRatio": 0.41122333890978313,
        "incomeTaxExpense": 1999400000,
        "netIncome": 7808400000,
        "netIncomeRatio": 0.32739210827536763,
        "eps": 3.66,
        "epsdiluted": 3.64,
        "weightedAverageShsOut": 2135800000,
        "weightedAverageShsOutDil": 2145300000,
        "link": "https://www.sec.gov/Archives/edgar/data/310158/000095012309003694/0000950123-09-003694-index.html",
        "finalLink": "https://www.sec.gov/Archives/edgar/data/310158/000095012309003694/y74771e10vk.htm"
    },
    {
        "date": "2007-12-31",
        "symbol": "MRK",
        "reportedCurrency": "USD",
        "cik": "0000310158",
        "fillingDate": "2008-02-29",
        "acceptedDate": "2008-02-29 14:32:49",
        "calendarYear": "2007",
        "period": "FY",
        "revenue": 24197700000,
        "costOfRevenue": 6140700000,
        "grossProfit": 18057000000,
        "grossProfitRatio": 0.746227947284246,
        "researchAndDevelopmentExpenses": 4882800000,
        "generalAndAdministrativeExpenses": 7556700000,
        "sellingAndMarketingExpenses": 0,
        "sellingGeneralAndAdministrativeExpenses": 7556700000,
        "otherExpenses": 0,
        "operatingExpenses": 12439500000,
        "costAndExpenses": 18580200000,
        "interestIncome": 0,
        "interestExpense": 0,
        "depreciationAndAmortization": 1988200000,
        "ebitda": 5358900000,
        "ebitdaratio": 0.2214631969154093,
        "operatingIncome": 5617500000,
        "operatingIncomeRatio": 0.2321501630320237,
        "totalOtherIncomeExpensesNet": -2246800000,
        "incomeBeforeTax": 3370700000,
        "incomeBeforeTaxRatio": 0.13929836306756427,
        "incomeTaxExpense": 95300000,
        "netIncome": 3275400000,
        "netIncomeRatio": 0.13535997222876556,
        "eps": 1.51,
        "epsdiluted": 1.49,
        "weightedAverageShsOut": 2170500000,
        "weightedAverageShsOutDil": 2192900000,
        "link": "https://www.sec.gov/Archives/edgar/data/310158/000095012308002339/y50144e10vk.htm",
        "finalLink": "https://www.sec.gov/Archives/edgar/data/310158/000095012308002339/y50144e10vk.htm"
    },
    {
        "date": "2006-12-31",
        "symbol": "MRK",
        "reportedCurrency": "USD",
        "cik": "0000310158",
        "fillingDate": "2007-02-28",
        "acceptedDate": "2007-02-28 10:13:21",
        "calendarYear": "2006",
        "period": "FY",
        "revenue": 22636000000,
        "costOfRevenue": 6001100000,
        "grossProfit": 16634900000,
        "grossProfitRatio": 0.734886905813748,
        "researchAndDevelopmentExpenses": 4782900000,
        "generalAndAdministrativeExpenses": 8165400000,
        "sellingAndMarketingExpenses": 0,
        "sellingGeneralAndAdministrativeExpenses": 8165400000,
        "otherExpenses": 0,
        "operatingExpenses": 12948300000,
        "costAndExpenses": 18949400000,
        "interestIncome": 0,
        "interestExpense": 0,
        "depreciationAndAmortization": 2268400000,
        "ebitda": 8489800000,
        "ebitdaratio": 0.3750574306414561,
        "operatingIncome": 3686600000,
        "operatingIncomeRatio": 0.16286446368616364,
        "totalOtherIncomeExpensesNet": 2534800000,
        "incomeBeforeTax": 6221400000,
        "incomeBeforeTaxRatio": 0.2748453790422336,
        "incomeTaxExpense": 1787600000,
        "netIncome": 4433800000,
        "netIncomeRatio": 0.19587382929846262,
        "eps": 2.04,
        "epsdiluted": 2.03,
        "weightedAverageShsOut": 2177600000,
        "weightedAverageShsOutDil": 2187700000,
        "link": "https://www.sec.gov/Archives/edgar/data/310158/000095012307002869/y30437e10vk.htm",
        "finalLink": "https://www.sec.gov/Archives/edgar/data/310158/000095012307002869/y30437e10vk.htm"
    },
    {
        "date": "2005-12-31",
        "symbol": "MRK",
        "reportedCurrency": "USD",
        "cik": "0000310158",
        "fillingDate": "2006-02-28",
        "acceptedDate": "2006-02-28 16:01:40",
        "calendarYear": "2005",
        "period": "FY",
        "revenue": 22011900000,
        "costOfRevenue": 5149600000,
        "grossProfit": 16862300000,
        "grossProfitRatio": 0.7660538163447953,
        "researchAndDevelopmentExpenses": 3848000000,
        "generalAndAdministrativeExpenses": 7155500000,
        "sellingAndMarketingExpenses": 0,
        "sellingGeneralAndAdministrativeExpenses": 7155500000,
        "otherExpenses": 0,
        "operatingExpenses": 11003500000,
        "costAndExpenses": 16153100000,
        "interestIncome": 0,
        "interestExpense": 0,
        "depreciationAndAmortization": 1708100000,
        "ebitda": 9072000000,
        "ebitdaratio": 0.4121407057091846,
        "operatingIncome": 5858800000,
        "operatingIncomeRatio": 0.2661651197761211,
        "totalOtherIncomeExpensesNet": 1505100000,
        "incomeBeforeTax": 7363900000,
        "incomeBeforeTaxRatio": 0.33454177058772755,
        "incomeTaxExpense": 2732600000,
        "netIncome": 4631300000,
        "netIncomeRatio": 0.21039982918330538,
        "eps": 2.11,
        "epsdiluted": 2.1,
        "weightedAverageShsOut": 2197000000,
        "weightedAverageShsOutDil": 2200400000,
        "link": "https://www.sec.gov/Archives/edgar/data/310158/000095012306002367/y17883e10vk.htm",
        "finalLink": "https://www.sec.gov/Archives/edgar/data/310158/000095012306002367/y17883e10vk.htm"
    },
    {
        "date": "2004-12-31",
        "symbol": "MRK",
        "reportedCurrency": "USD",
        "cik": "0000310158",
        "fillingDate": "2005-03-09",
        "acceptedDate": "2005-03-09 06:03:06",
        "calendarYear": "2004",
        "period": "FY",
        "revenue": 22938600000,
        "costOfRevenue": 4959800000,
        "grossProfit": 17978800000,
        "grossProfitRatio": 0.7837793064964732,
        "researchAndDevelopmentExpenses": 4010200000,
        "generalAndAdministrativeExpenses": 7346300000,
        "sellingAndMarketingExpenses": 0,
        "sellingGeneralAndAdministrativeExpenses": 7346300000,
        "otherExpenses": 0,
        "operatingExpenses": 11356500000,
        "costAndExpenses": 16316300000,
        "interestIncome": 0,
        "interestExpense": 0,
        "depreciationAndAmortization": 1450700000,
        "ebitda": 9425200000,
        "ebitdaratio": 0.4108881971872739,
        "operatingIncome": 6622300000,
        "operatingIncomeRatio": 0.2886967818437045,
        "totalOtherIncomeExpensesNet": 1352200000,
        "incomeBeforeTax": 7974500000,
        "incomeBeforeTaxRatio": 0.3476454535150358,
        "incomeTaxExpense": 2161100000,
        "netIncome": 5813400000,
        "netIncomeRatio": 0.25343307786874525,
        "eps": 2.62,
        "epsdiluted": 2.61,
        "weightedAverageShsOut": 2219000000,
        "weightedAverageShsOutDil": 2226400000,
        "link": "https://www.sec.gov/Archives/edgar/data/310158/000095012305002785/y05567e10vk.htm",
        "finalLink": "https://www.sec.gov/Archives/edgar/data/310158/000095012305002785/y05567e10vk.htm"
    },
    {
        "date": "2003-12-31",
        "symbol": "MRK",
        "reportedCurrency": "USD",
        "cik": "0000310158",
        "fillingDate": "2004-02-26",
        "acceptedDate": "2004-02-26 12:16:19",
        "calendarYear": "2003",
        "period": "FY",
        "revenue": 22485900000,
        "costOfRevenue": 4315300000,
        "grossProfit": 18170600000,
        "grossProfitRatio": 0.808088624426863,
        "researchAndDevelopmentExpenses": 3178100000,
        "generalAndAdministrativeExpenses": 6394900000,
        "sellingAndMarketingExpenses": 0,
        "sellingGeneralAndAdministrativeExpenses": 6394900000,
        "otherExpenses": 140800000,
        "operatingExpenses": 9713800000,
        "costAndExpenses": 14029100000,
        "interestIncome": 0,
        "interestExpense": 0,
        "depreciationAndAmortization": 1314200000,
        "ebitda": 10607100000,
        "ebitdaratio": 0.47172227929502486,
        "operatingIncome": 8456800000,
        "operatingIncomeRatio": 0.3760934630146003,
        "totalOtherIncomeExpensesNet": 594800000,
        "incomeBeforeTax": 9051600000,
        "incomeBeforeTaxRatio": 0.40254559523968353,
        "incomeTaxExpense": 2462000000,
        "netIncome": 6830900000,
        "netIncomeRatio": 0.3037859280704797,
        "eps": 3.05,
        "epsdiluted": 3.03,
        "weightedAverageShsOut": 2236700000,
        "weightedAverageShsOutDil": 2253100000,
        "link": "https://www.sec.gov/Archives/edgar/data/310158/000095012304002379/y94582e10vk.htm",
        "finalLink": "https://www.sec.gov/Archives/edgar/data/310158/000095012304002379/y94582e10vk.htm"
    },
    {
        "date": "2002-12-31",
        "symbol": "MRK",
        "reportedCurrency": "USD",
        "cik": "0000310158",
        "fillingDate": "2003-03-10",
        "acceptedDate": "2003-03-10 16:45:34",
        "calendarYear": "2002",
        "period": "FY",
        "revenue": 51790300000,
        "costOfRevenue": 33053600000,
        "grossProfit": 18736700000,
        "grossProfitRatio": 0.361780101679272,
        "researchAndDevelopmentExpenses": 2677200000,
        "generalAndAdministrativeExpenses": 6186800000,
        "sellingAndMarketingExpenses": 0,
        "sellingGeneralAndAdministrativeExpenses": 6186800000,
        "otherExpenses": 204900000,
        "operatingExpenses": 9068900000,
        "costAndExpenses": 42122500000,
        "interestIncome": 0,
        "interestExpense": 0,
        "depreciationAndAmortization": 1488300000,
        "ebitda": 11701900000,
        "ebitdaratio": 0.2259477160781073,
        "operatingIncome": 9667800000,
        "operatingIncomeRatio": 0.1866720215947774,
        "totalOtherIncomeExpensesNet": 545800000,
        "incomeBeforeTax": 10213600000,
        "incomeBeforeTaxRatio": 0.1972106745857815,
        "incomeTaxExpense": 3064100000,
        "netIncome": 7149500000,
        "netIncomeRatio": 0.13804708603734675,
        "eps": 3.17,
        "epsdiluted": 3.14,
        "weightedAverageShsOut": 2257500000,
        "weightedAverageShsOutDil": 2277000000,
        "link": "https://www.sec.gov/Archives/edgar/data/310158/000031015803000008/0000310158-03-000008-index.html",
        "finalLink": "https://www.sec.gov/Archives/edgar/data/310158/000031015803000008/tenkdoc.htm"
    },
    {
        "date": "2001-12-31",
        "symbol": "MRK",
        "reportedCurrency": "USD",
        "cik": "0000310158",
        "fillingDate": "2002-03-29",
        "acceptedDate": "2002-03-29 00:00:00",
        "calendarYear": "2001",
        "period": "FY",
        "revenue": 47715700000,
        "costOfRevenue": 28976500000,
        "grossProfit": 18739200000,
        "grossProfitRatio": 0.39272608386757396,
        "researchAndDevelopmentExpenses": 2456400000,
        "generalAndAdministrativeExpenses": 6224400000,
        "sellingAndMarketingExpenses": 0,
        "sellingGeneralAndAdministrativeExpenses": 6224400000,
        "otherExpenses": 330100000,
        "operatingExpenses": 9010900000,
        "costAndExpenses": 37987400000,
        "interestIncome": 0,
        "interestExpense": 0,
        "depreciationAndAmortization": 1463800000,
        "ebitda": 11866400000,
        "ebitdaratio": 0.24868963464855384,
        "operatingIncome": 9728300000,
        "operatingIncomeRatio": 0.20388048378206755,
        "totalOtherIncomeExpensesNet": 674300000,
        "incomeBeforeTax": 10402600000,
        "incomeBeforeTaxRatio": 0.21801210083892722,
        "incomeTaxExpense": 3120800000,
        "netIncome": 7281800000,
        "netIncomeRatio": 0.1526080514379963,
        "eps": 3.18,
        "epsdiluted": 3.14,
        "weightedAverageShsOut": 2288300000,
        "weightedAverageShsOutDil": 2322300000,
        "link": "https://www.sec.gov/Archives/edgar/data/310158/000031015802000002/0000310158-02-000002-index.html",
        "finalLink": "https://www.sec.gov/Archives/edgar/data/310158/000031015802000002/body.htm"
    },
    {
        "date": "2000-12-31",
        "symbol": "MRK",
        "reportedCurrency": "USD",
        "cik": "0000310158",
        "fillingDate": "2001-03-13",
        "acceptedDate": "2001-03-13 00:00:00",
        "calendarYear": "2000",
        "period": "FY",
        "revenue": 40363200000,
        "costOfRevenue": 21166200000,
        "grossProfit": 19197000000,
        "grossProfitRatio": 0.47560649304316804,
        "researchAndDevelopmentExpenses": 2343800000,
        "generalAndAdministrativeExpenses": 6167700000,
        "sellingAndMarketingExpenses": 0,
        "sellingGeneralAndAdministrativeExpenses": 6167700000,
        "otherExpenses": 1596400000,
        "operatingExpenses": 10107900000,
        "costAndExpenses": 31274100000,
        "interestIncome": 0,
        "interestExpense": 0,
        "depreciationAndAmortization": 1277300000,
        "ebitda": 11101400000,
        "ebitdaratio": 0.2750376580647719,
        "operatingIncome": 9089100000,
        "operatingIncomeRatio": 0.22518283981448448,
        "totalOtherIncomeExpensesNet": 735000000,
        "incomeBeforeTax": 9824100000,
        "incomeBeforeTaxRatio": 0.24339249613509334,
        "incomeTaxExpense": 3002400000,
        "netIncome": 6821700000,
        "netIncomeRatio": 0.1690079081936021,
        "eps": 2.96,
        "epsdiluted": 2.9,
        "weightedAverageShsOut": 2306900000,
        "weightedAverageShsOutDil": 2353200000,
        "link": "https://www.sec.gov/Archives/edgar/data/310158/000031015801500003/0000310158-01-500003-index.html",
        "finalLink": "https://www.sec.gov/Archives/edgar/data/310158/000031015801500003/final10k.htm"
    },
    {
        "date": "1999-12-31",
        "symbol": "MRK",
        "reportedCurrency": "USD",
        "cik": "0000310158",
        "fillingDate": "1999-12-31",
        "acceptedDate": "1999-12-30 19:00:00",
        "calendarYear": "1999",
        "period": "FY",
        "revenue": 32714000000,
        "costOfRevenue": 16706800000,
        "grossProfit": 16007200000,
        "grossProfitRatio": 0.48930733019502354,
        "researchAndDevelopmentExpenses": 2068300000,
        "generalAndAdministrativeExpenses": 5199900000,
        "sellingAndMarketingExpenses": 0,
        "sellingGeneralAndAdministrativeExpenses": 5199900000,
        "otherExpenses": 1144800000,
        "operatingExpenses": 8413000000,
        "costAndExpenses": 25119800000,
        "interestIncome": 0,
        "interestExpense": 0,
        "depreciationAndAmortization": 1144800000,
        "ebitda": 9764300000,
        "ebitdaratio": 0.29847465916732896,
        "operatingIncome": 7594200000,
        "operatingIncomeRatio": 0.23213914532004645,
        "totalOtherIncomeExpensesNet": 1025300000,
        "incomeBeforeTax": 8619500000,
        "incomeBeforeTaxRatio": 0.2634804670783151,
        "incomeTaxExpense": 2729000000,
        "netIncome": 5890500000,
        "netIncomeRatio": 0.18006052454606591,
        "eps": 2.51,
        "epsdiluted": 2.45,
        "weightedAverageShsOut": 2349000000,
        "weightedAverageShsOutDil": 2404600000,
        "link": "",
        "finalLink": ""
    },
    {
        "date": "1998-12-31",
        "symbol": "MRK",
        "reportedCurrency": "USD",
        "cik": "0000310158",
        "fillingDate": "1998-12-31",
        "acceptedDate": "1998-12-30 19:00:00",
        "calendarYear": "1998",
        "period": "FY",
        "revenue": 26898200000,
        "costOfRevenue": 13174600000,
        "grossProfit": 13723600000,
        "grossProfitRatio": 0.5102051438386211,
        "researchAndDevelopmentExpenses": 1821100000,
        "generalAndAdministrativeExpenses": 4511400000,
        "sellingAndMarketingExpenses": 0,
        "sellingGeneralAndAdministrativeExpenses": 4511400000,
        "otherExpenses": 1015100000,
        "operatingExpenses": 7347600000,
        "costAndExpenses": 20522200000,
        "interestIncome": 0,
        "interestExpense": 0,
        "depreciationAndAmortization": 1015100000,
        "ebitda": 9148200000,
        "ebitdaratio": 0.34010454231138143,
        "operatingIncome": 6376000000,
        "operatingIncomeRatio": 0.23704188384352856,
        "totalOtherIncomeExpensesNet": 1757100000,
        "incomeBeforeTax": 8133100000,
        "incomeBeforeTaxRatio": 0.3023659575733692,
        "incomeTaxExpense": 2884900000,
        "netIncome": 5248200000,
        "netIncomeRatio": 0.19511342766430467,
        "eps": 2.21,
        "epsdiluted": 2.15,
        "weightedAverageShsOut": 2378800000,
        "weightedAverageShsOutDil": 2441100000,
        "link": "",
        "finalLink": ""
    },
    {
        "date": "1997-12-31",
        "symbol": "MRK",
        "reportedCurrency": "USD",
        "cik": "0000310158",
        "fillingDate": "1998-03-19",
        "acceptedDate": "1998-03-19 00:00:00",
        "calendarYear": "1997",
        "period": "FY",
        "revenue": 23636900000,
        "costOfRevenue": 10953200000,
        "grossProfit": 12683700000,
        "grossProfitRatio": 0.5366059000968825,
        "researchAndDevelopmentExpenses": 1683700000,
        "generalAndAdministrativeExpenses": 4299200000,
        "sellingAndMarketingExpenses": 0,
        "sellingGeneralAndAdministrativeExpenses": 4299200000,
        "otherExpenses": 1034300000,
        "operatingExpenses": 7017200000,
        "costAndExpenses": 17970400000,
        "interestIncome": 0,
        "interestExpense": 0,
        "depreciationAndAmortization": 1034300000,
        "ebitda": 7496600000,
        "ebitdaratio": 0.31715664913757724,
        "operatingIncome": 5666500000,
        "operatingIncomeRatio": 0.23973109840968992,
        "totalOtherIncomeExpensesNet": 795800000,
        "incomeBeforeTax": 6462300000,
        "incomeBeforeTaxRatio": 0.27339879595039956,
        "incomeTaxExpense": 1848200000,
        "netIncome": 4614100000,
        "netIncomeRatio": 0.19520749336841972,
        "eps": 1.915,
        "epsdiluted": 1.87,
        "weightedAverageShsOut": 2409000000,
        "weightedAverageShsOutDil": 2469400000,
        "link": "https://www.sec.gov/Archives/edgar/data/310158/000031015898000004/0000310158-98-000004-index.html",
        "finalLink": "https://www.sec.gov/Archives/edgar/data/310158/0000310158-98-000004.txt"
    },
    {
        "date": "1996-12-31",
        "symbol": "MRK",
        "reportedCurrency": "USD",
        "cik": "0000310158",
        "fillingDate": "1997-03-03",
        "acceptedDate": "1997-03-03 00:00:00",
        "calendarYear": "1996",
        "period": "FY",
        "revenue": 19828700000,
        "costOfRevenue": 8588300000,
        "grossProfit": 11240400000,
        "grossProfitRatio": 0.5668752868317136,
        "researchAndDevelopmentExpenses": 1487300000,
        "generalAndAdministrativeExpenses": 3841300000,
        "sellingAndMarketingExpenses": 0,
        "sellingGeneralAndAdministrativeExpenses": 3841300000,
        "otherExpenses": 927100000,
        "operatingExpenses": 6255700000,
        "costAndExpenses": 14844000000,
        "interestIncome": 0,
        "interestExpense": 0,
        "depreciationAndAmortization": 927100000,
        "ebitda": 6467900000,
        "ebitdaratio": 0.32618880713309495,
        "operatingIncome": 4984700000,
        "operatingIncomeRatio": 0.2513881394140816,
        "totalOtherIncomeExpensesNet": 556100000,
        "incomeBeforeTax": 5540800000,
        "incomeBeforeTaxRatio": 0.27943334661374675,
        "incomeTaxExpense": 1659500000,
        "netIncome": 3881300000,
        "netIncomeRatio": 0.19574152617166027,
        "eps": 1.6,
        "epsdiluted": 1.565,
        "weightedAverageShsOut": 2427200000,
        "weightedAverageShsOutDil": 2490400000,
        "link": "https://www.sec.gov/Archives/edgar/data/310158/000031015897000003/0000310158-97-000003-index.html",
        "finalLink": "https://www.sec.gov/Archives/edgar/data/310158/0000310158-97-000003.txt"
    },
    {
        "date": "1995-12-31",
        "symbol": "MRK",
        "reportedCurrency": "USD",
        "cik": "0000310158",
        "fillingDate": "1996-02-28",
        "acceptedDate": "1996-02-28 00:00:00",
        "calendarYear": "1995",
        "period": "FY",
        "revenue": 16681100000,
        "costOfRevenue": 6789100000,
        "grossProfit": 9892000000,
        "grossProfitRatio": 0.59300645640875,
        "researchAndDevelopmentExpenses": 1331400000,
        "generalAndAdministrativeExpenses": 3297800000,
        "sellingAndMarketingExpenses": 0,
        "sellingGeneralAndAdministrativeExpenses": 3297800000,
        "otherExpenses": 859200000,
        "operatingExpenses": 5488400000,
        "costAndExpenses": 12277500000,
        "interestIncome": 0,
        "interestExpense": 0,
        "depreciationAndAmortization": 859200000,
        "ebitda": 5656400000,
        "ebitdaratio": 0.33909034775884084,
        "operatingIncome": 4403600000,
        "operatingIncomeRatio": 0.2639873869229247,
        "totalOtherIncomeExpensesNet": 393600000,
        "incomeBeforeTax": 4797200000,
        "incomeBeforeTaxRatio": 0.2875829531625612,
        "incomeTaxExpense": 1462000000,
        "netIncome": 3335200000,
        "netIncomeRatio": 0.1999388529533424,
        "eps": 1.35,
        "epsdiluted": 1.32,
        "weightedAverageShsOut": 2472200000,
        "weightedAverageShsOutDil": 2526666667,
        "link": "https://www.sec.gov/Archives/edgar/data/310158/000031015896000005/0000310158-96-000005-index.html",
        "finalLink": "https://www.sec.gov/Archives/edgar/data/310158/0000310158-96-000005.txt"
    },
    {
        "date": "1994-12-31",
        "symbol": "MRK",
        "reportedCurrency": "USD",
        "cik": "0000310158",
        "fillingDate": "1995-03-03",
        "acceptedDate": "1995-03-03 00:00:00",
        "calendarYear": "1994",
        "period": "FY",
        "revenue": 14969800000,
        "costOfRevenue": 5281100000,
        "grossProfit": 9688700000,
        "grossProfitRatio": 0.6472163956766289,
        "researchAndDevelopmentExpenses": 1230600000,
        "generalAndAdministrativeExpenses": 3177500000,
        "sellingAndMarketingExpenses": 0,
        "sellingGeneralAndAdministrativeExpenses": 3177500000,
        "otherExpenses": 875500000,
        "operatingExpenses": 5283600000,
        "costAndExpenses": 10564700000,
        "interestIncome": 0,
        "interestExpense": 0,
        "depreciationAndAmortization": 875500000,
        "ebitda": 5290700000,
        "ebitdaratio": 0.3534248954561851,
        "operatingIncome": 4405100000,
        "operatingIncomeRatio": 0.2942657884540876,
        "totalOtherIncomeExpensesNet": 10100000,
        "incomeBeforeTax": 4415200000,
        "incomeBeforeTaxRatio": 0.2949404801667357,
        "incomeTaxExpense": 1418200000,
        "netIncome": 2997000000,
        "netIncomeRatio": 0.20020307552539113,
        "eps": 1.19,
        "epsdiluted": 1.175,
        "weightedAverageShsOut": 2514400000,
        "weightedAverageShsOutDil": 2552400000,
        "link": "https://www.sec.gov/Archives/edgar/data/310158/000031015895000005/0000310158-95-000005-index.html",
        "finalLink": "https://www.sec.gov/Archives/edgar/data/310158/0000310158-95-000005.txt"
    },
    {
        "date": "1993-12-31",
        "symbol": "MRK",
        "reportedCurrency": "USD",
        "cik": "0000310158",
        "fillingDate": "1993-12-31",
        "acceptedDate": "1993-12-30 19:00:00",
        "calendarYear": "1993",
        "period": "FY",
        "revenue": 10498200000,
        "costOfRevenue": 2111100000,
        "grossProfit": 8387100000,
        "grossProfitRatio": 0.7989083842944504,
        "researchAndDevelopmentExpenses": 1172800000,
        "generalAndAdministrativeExpenses": 0,
        "sellingAndMarketingExpenses": 0,
        "sellingGeneralAndAdministrativeExpenses": 2913900000,
        "otherExpenses": 414700000,
        "operatingExpenses": 4501400000,
        "costAndExpenses": 6612500000,
        "interestIncome": 0,
        "interestExpense": 0,
        "depreciationAndAmortization": 414700000,
        "ebitda": 3517400000,
        "ebitdaratio": 0.3350479129755577,
        "operatingIncome": 3885700000,
        "operatingIncomeRatio": 0.3701301175439599,
        "totalOtherIncomeExpensesNet": -783000000,
        "incomeBeforeTax": 3102700000,
        "incomeBeforeTaxRatio": 0.2955459031071993,
        "incomeTaxExpense": 936500000,
        "netIncome": 2166200000,
        "netIncomeRatio": 0.20634013449924749,
        "eps": 0.94,
        "epsdiluted": 0.93,
        "weightedAverageShsOut": 2304468085,
        "weightedAverageShsOutDil": 2329247312,
        "link": "",
        "finalLink": ""
    },
    {
        "date": "1992-12-31",
        "symbol": "MRK",
        "reportedCurrency": "USD",
        "cik": "0000310158",
        "fillingDate": "1992-12-31",
        "acceptedDate": "1992-12-30 19:00:00",
        "calendarYear": "1992",
        "period": "FY",
        "revenue": 9662500000,
        "costOfRevenue": 1774700000,
        "grossProfit": 7887800000,
        "grossProfitRatio": 0.8163311772315653,
        "researchAndDevelopmentExpenses": 0,
        "generalAndAdministrativeExpenses": 0,
        "sellingAndMarketingExpenses": 0,
        "sellingGeneralAndAdministrativeExpenses": 4074900000,
        "otherExpenses": 321400000,
        "operatingExpenses": 4396300000,
        "costAndExpenses": 6171000000,
        "interestIncome": 0,
        "interestExpense": 0,
        "depreciationAndAmortization": 321400000,
        "ebitda": 3422600000,
        "ebitdaratio": 0.3542147477360931,
        "operatingIncome": 3491500000,
        "operatingIncomeRatio": 0.36134540750323413,
        "totalOtherIncomeExpensesNet": 72100000,
        "incomeBeforeTax": 3563600000,
        "incomeBeforeTaxRatio": 0.36880724450194047,
        "incomeTaxExpense": 1117000000,
        "netIncome": 1984200000,
        "netIncomeRatio": 0.20535058214747737,
        "eps": 1.06,
        "epsdiluted": 1.05,
        "weightedAverageShsOut": 1871886792,
        "weightedAverageShsOutDil": 1889714286,
        "link": "",
        "finalLink": ""
    },
    {
        "date": "1991-12-31",
        "symbol": "MRK",
        "reportedCurrency": "USD",
        "cik": "0000310158",
        "fillingDate": "1991-12-31",
        "acceptedDate": "1991-12-30 19:00:00",
        "calendarYear": "1991",
        "period": "FY",
        "revenue": 8602700000,
        "costOfRevenue": 1671100000,
        "grossProfit": 6931600000,
        "grossProfitRatio": 0.805747032908273,
        "researchAndDevelopmentExpenses": 0,
        "generalAndAdministrativeExpenses": 0,
        "sellingAndMarketingExpenses": 0,
        "sellingGeneralAndAdministrativeExpenses": 3558100000,
        "otherExpenses": 263800000,
        "operatingExpenses": 3821900000,
        "costAndExpenses": 5493000000,
        "interestIncome": 0,
        "interestExpense": 0,
        "depreciationAndAmortization": 263800000,
        "ebitda": 3430500000,
        "ebitdaratio": 0.3987701535564416,
        "operatingIncome": 3109700000,
        "operatingIncomeRatio": 0.36147953549467027,
        "totalOtherIncomeExpensesNet": 57000000,
        "incomeBeforeTax": 3166700000,
        "incomeBeforeTaxRatio": 0.368105362269985,
        "incomeTaxExpense": 1045000000,
        "netIncome": 2121700000,
        "netIncomeRatio": 0.24663187138921502,
        "eps": 0.92,
        "epsdiluted": 0.91,
        "weightedAverageShsOut": 2306195652,
        "weightedAverageShsOutDil": 2331538462,
        "link": "",
        "finalLink": ""
    },
    {
        "date": "1990-12-31",
        "symbol": "MRK",
        "reportedCurrency": "USD",
        "cik": "0000310158",
        "fillingDate": "1990-12-31",
        "acceptedDate": "1990-12-30 19:00:00",
        "calendarYear": "1990",
        "period": "FY",
        "revenue": 7671500000,
        "costOfRevenue": 1524100000,
        "grossProfit": 6147400000,
        "grossProfitRatio": 0.8013295965586913,
        "researchAndDevelopmentExpenses": 0,
        "generalAndAdministrativeExpenses": 0,
        "sellingAndMarketingExpenses": 0,
        "sellingGeneralAndAdministrativeExpenses": 3242000000,
        "otherExpenses": 254000000,
        "operatingExpenses": 3496000000,
        "costAndExpenses": 5020100000,
        "interestIncome": 0,
        "interestExpense": 0,
        "depreciationAndAmortization": 254000000,
        "ebitda": 2952800000,
        "ebitdaratio": 0.3849051684807404,
        "operatingIncome": 2651400000,
        "operatingIncomeRatio": 0.34561689369745163,
        "totalOtherIncomeExpensesNet": 47400000,
        "incomeBeforeTax": 2698800000,
        "incomeBeforeTaxRatio": 0.35179560711725216,
        "incomeTaxExpense": 917600000,
        "netIncome": 1781200000,
        "netIncomeRatio": 0.23218405787655608,
        "eps": 0.76,
        "epsdiluted": 0.76,
        "weightedAverageShsOut": 2343684211,
        "weightedAverageShsOutDil": 2343684211,
        "link": "",
        "finalLink": ""
    },
    {
        "date": "1989-12-31",
        "symbol": "MRK",
        "reportedCurrency": "USD",
        "cik": "0000310158",
        "fillingDate": "1989-12-31",
        "acceptedDate": "1989-12-30 19:00:00",
        "calendarYear": "1989",
        "period": "FY",
        "revenue": 6550500000,
        "costOfRevenue": 1328600000,
        "grossProfit": 5221900000,
        "grossProfitRatio": 0.797175788107778,
        "researchAndDevelopmentExpenses": 0,
        "generalAndAdministrativeExpenses": 0,
        "sellingAndMarketingExpenses": 0,
        "sellingGeneralAndAdministrativeExpenses": 2763900000,
        "otherExpenses": 221700000,
        "operatingExpenses": 2985600000,
        "costAndExpenses": 4314200000,
        "interestIncome": 0,
        "interestExpense": 0,
        "depreciationAndAmortization": 221700000,
        "ebitda": 2504700000,
        "ebitdaratio": 0.382367758186398,
        "operatingIncome": 2236300000,
        "operatingIncomeRatio": 0.34139378673383713,
        "totalOtherIncomeExpensesNet": 46700000,
        "incomeBeforeTax": 2283000000,
        "incomeBeforeTaxRatio": 0.34852301351041903,
        "incomeTaxExpense": 787600000,
        "netIncome": 1495400000,
        "netIncomeRatio": 0.22828791695290435,
        "eps": 0.63,
        "epsdiluted": 0.63,
        "weightedAverageShsOut": 2373650794,
        "weightedAverageShsOutDil": 2373650794,
        "link": "",
        "finalLink": ""
    },
    {
        "date": "1988-12-31",
        "symbol": "MRK",
        "reportedCurrency": "USD",
        "cik": "0000310158",
        "fillingDate": "1988-12-31",
        "acceptedDate": "1988-12-30 19:00:00",
        "calendarYear": "1988",
        "period": "FY",
        "revenue": 5939500000,
        "costOfRevenue": 1321200000,
        "grossProfit": 4618300000,
        "grossProfitRatio": 0.7775570334203216,
        "researchAndDevelopmentExpenses": 0,
        "generalAndAdministrativeExpenses": 0,
        "sellingAndMarketingExpenses": 0,
        "sellingGeneralAndAdministrativeExpenses": 2546600000,
        "otherExpenses": 204900000,
        "operatingExpenses": 2751500000,
        "costAndExpenses": 4072700000,
        "interestIncome": 0,
        "interestExpense": 0,
        "depreciationAndAmortization": 204900000,
        "ebitda": 2075900000,
        "ebitdaratio": 0.34950753430423437,
        "operatingIncome": 1866800000,
        "operatingIncomeRatio": 0.31430255071975755,
        "totalOtherIncomeExpensesNet": 4200000,
        "incomeBeforeTax": 1871000000,
        "incomeBeforeTaxRatio": 0.3150096809495749,
        "incomeTaxExpense": 664200000,
        "netIncome": 1206800000,
        "netIncomeRatio": 0.20318208603417795,
        "eps": 0.51,
        "epsdiluted": 0.51,
        "weightedAverageShsOut": 2366274510,
        "weightedAverageShsOutDil": 2366274510,
        "link": "",
        "finalLink": ""
    },
    {
        "date": "1987-12-31",
        "symbol": "MRK",
        "reportedCurrency": "USD",
        "cik": "0000310158",
        "fillingDate": "1987-12-31",
        "acceptedDate": "1987-12-30 19:00:00",
        "calendarYear": "1987",
        "period": "FY",
        "revenue": 5061300000,
        "costOfRevenue": 1234300000,
        "grossProfit": 3827000000,
        "grossProfitRatio": 0.7561298480627506,
        "researchAndDevelopmentExpenses": 0,
        "generalAndAdministrativeExpenses": 0,
        "sellingAndMarketingExpenses": 0,
        "sellingGeneralAndAdministrativeExpenses": 2247800000,
        "otherExpenses": 210000000,
        "operatingExpenses": 2457800000,
        "costAndExpenses": 3692100000,
        "interestIncome": 0,
        "interestExpense": 0,
        "depreciationAndAmortization": 210000000,
        "ebitda": 1615200000,
        "ebitdaratio": 0.3191274968881513,
        "operatingIncome": 1369200000,
        "operatingIncomeRatio": 0.2705233833204908,
        "totalOtherIncomeExpensesNet": 36000000,
        "incomeBeforeTax": 1405200000,
        "incomeBeforeTaxRatio": 0.2776361804279533,
        "incomeTaxExpense": 498800000,
        "netIncome": 906400000,
        "netIncomeRatio": 0.17908442495011162,
        "eps": 0.37,
        "epsdiluted": 0.37,
        "weightedAverageShsOut": 2449729730,
        "weightedAverageShsOutDil": 2449729730,
        "link": "",
        "finalLink": ""
    },
    {
        "date": "1986-12-31",
        "symbol": "MRK",
        "reportedCurrency": "USD",
        "cik": "0000310158",
        "fillingDate": "1986-12-31",
        "acceptedDate": "1986-12-30 19:00:00",
        "calendarYear": "1986",
        "period": "FY",
        "revenue": 4128900000,
        "costOfRevenue": 1144100000,
        "grossProfit": 2984800000,
        "grossProfitRatio": 0.7229044055317397,
        "researchAndDevelopmentExpenses": 0,
        "generalAndAdministrativeExpenses": 0,
        "sellingAndMarketingExpenses": 0,
        "sellingGeneralAndAdministrativeExpenses": 1749700000,
        "otherExpenses": 193900000,
        "operatingExpenses": 1943600000,
        "costAndExpenses": 3087700000,
        "interestIncome": 0,
        "interestExpense": 0,
        "depreciationAndAmortization": 193900000,
        "ebitda": 1267200000,
        "ebitdaratio": 0.3069098307055148,
        "operatingIncome": 1041200000,
        "operatingIncomeRatio": 0.25217370243890624,
        "totalOtherIncomeExpensesNet": 32100000,
        "incomeBeforeTax": 1073300000,
        "incomeBeforeTaxRatio": 0.2599481702148272,
        "incomeTaxExpense": 397600000,
        "netIncome": 675700000,
        "netIncomeRatio": 0.16365133570684687,
        "eps": 0.27,
        "epsdiluted": 0.27,
        "weightedAverageShsOut": 2502592593,
        "weightedAverageShsOutDil": 2502592593,
        "link": "",
        "finalLink": ""
    },
    {
        "date": "1985-12-31",
        "symbol": "MRK",
        "reportedCurrency": "USD",
        "cik": "0000310158",
        "fillingDate": "1985-12-31",
        "acceptedDate": "1985-12-30 19:00:00",
        "calendarYear": "1985",
        "period": "FY",
        "revenue": 3547500000,
        "costOfRevenue": 1089900000,
        "grossProfit": 2457600000,
        "grossProfitRatio": 0.6927695560253699,
        "researchAndDevelopmentExpenses": 0,
        "generalAndAdministrativeExpenses": 0,
        "sellingAndMarketingExpenses": 0,
        "sellingGeneralAndAdministrativeExpenses": 1330600000,
        "otherExpenses": 287200000,
        "operatingExpenses": 1617800000,
        "costAndExpenses": 2707700000,
        "interestIncome": 0,
        "interestExpense": 0,
        "depreciationAndAmortization": 182500000,
        "ebitda": 1039500000,
        "ebitdaratio": 0.2930232558139535,
        "operatingIncome": 839800000,
        "operatingIncomeRatio": 0.23673009161381253,
        "totalOtherIncomeExpensesNet": 17200000,
        "incomeBeforeTax": 857000000,
        "incomeBeforeTaxRatio": 0.24157857646229738,
        "incomeTaxExpense": 317100000,
        "netIncome": 539900000,
        "netIncomeRatio": 0.15219168428470753,
        "eps": 0.21,
        "epsdiluted": 0.21,
        "weightedAverageShsOut": 2570952381,
        "weightedAverageShsOutDil": 2570952381,
        "link": "",
        "finalLink": ""
    }
]