[
    {
        "date": "2021-12-31",
        "symbol": "MS",
        "reportedCurrency": "USD",
        "cik": "0000895421",
        "fillingDate": "2022-02-24",
        "acceptedDate": "2022-02-24 16:06:17",
        "calendarYear": "2021",
        "period": "FY",
        "revenue": 56414000000,
        "costOfRevenue": 0,
        "grossProfit": 0,
        "grossProfitRatio": 0,
        "researchAndDevelopmentExpenses": 0,
        "generalAndAdministrativeExpenses": 24526000000,
        "sellingAndMarketingExpenses": 643000000,
        "sellingGeneralAndAdministrativeExpenses": 25169000000,
        "otherExpenses": 0,
        "operatingExpenses": 0,
        "costAndExpenses": 0,
        "interestIncome": 9411000000,
        "interestExpense": 1366000000,
        "depreciationAndAmortization": 4216000000,
        "ebitda": 25164000000,
        "ebitdaratio": 0.446059488779381,
        "operatingIncome": 0,
        "operatingIncomeRatio": 0,
        "totalOtherIncomeExpensesNet": 0,
        "incomeBeforeTax": 19668000000,
        "incomeBeforeTaxRatio": 0.3486368631899883,
        "incomeTaxExpense": 4548000000,
        "netIncome": 15034000000,
        "netIncomeRatio": 0.26649413266210514,
        "eps": 8.16,
        "epsdiluted": 8.03,
        "weightedAverageShsOut": 1785000000,
        "weightedAverageShsOutDil": 1814000000,
        "link": "https://www.sec.gov/Archives/edgar/data/895421/000089542122000400/0000895421-22-000400-index.htm",
        "finalLink": "https://www.sec.gov/Archives/edgar/data/895421/000089542122000400/ms-20211231.htm"
    },
    {
        "date": "2020-12-31",
        "symbol": "MS",
        "reportedCurrency": "USD",
        "cik": "0000895421",
        "fillingDate": "2021-02-26",
        "acceptedDate": "2021-02-26 16:23:40",
        "calendarYear": "2020",
        "period": "FY",
        "revenue": 45269000000,
        "costOfRevenue": 0,
        "grossProfit": 0,
        "grossProfitRatio": 0,
        "researchAndDevelopmentExpenses": 0,
        "generalAndAdministrativeExpenses": 23319000000,
        "sellingAndMarketingExpenses": 434000000,
        "sellingGeneralAndAdministrativeExpenses": 23753000000,
        "otherExpenses": 0,
        "operatingExpenses": 0,
        "costAndExpenses": 0,
        "interestIncome": 10162000000,
        "interestExpense": 5380000000,
        "depreciationAndAmortization": 3769000000,
        "ebitda": 23384000000,
        "ebitdaratio": 0.5165565839757892,
        "operatingIncome": 0,
        "operatingIncomeRatio": 0,
        "totalOtherIncomeExpensesNet": 0,
        "incomeBeforeTax": 14418000000,
        "incomeBeforeTaxRatio": 0.31849610108462745,
        "incomeTaxExpense": 3239000000,
        "netIncome": 10996000000,
        "netIncomeRatio": 0.242903532218516,
        "eps": 6.55,
        "epsdiluted": 6.46,
        "weightedAverageShsOut": 1603000000,
        "weightedAverageShsOutDil": 1624000000,
        "link": "https://www.sec.gov/Archives/edgar/data/895421/000089542121000286/0000895421-21-000286-index.htm",
        "finalLink": "https://www.sec.gov/Archives/edgar/data/895421/000089542121000286/ms-20201231.htm"
    },
    {
        "date": "2019-12-31",
        "symbol": "MS",
        "reportedCurrency": "USD",
        "cik": "0000895421",
        "fillingDate": "2020-02-27",
        "acceptedDate": "2020-02-27 16:34:27",
        "calendarYear": "2019",
        "period": "FY",
        "revenue": 38926000000,
        "costOfRevenue": 0,
        "grossProfit": 0,
        "grossProfitRatio": 0,
        "researchAndDevelopmentExpenses": 0,
        "generalAndAdministrativeExpenses": 21031000000,
        "sellingAndMarketingExpenses": 660000000,
        "sellingGeneralAndAdministrativeExpenses": 21691000000,
        "otherExpenses": 8427000000,
        "operatingExpenses": 30118000000,
        "costAndExpenses": 0,
        "interestIncome": 17098000000,
        "interestExpense": 12404000000,
        "depreciationAndAmortization": 2643000000,
        "ebitda": 26153000000,
        "ebitdaratio": 0.671864563530802,
        "operatingIncome": 0,
        "operatingIncomeRatio": 0,
        "totalOtherIncomeExpensesNet": 0,
        "incomeBeforeTax": 11301000000,
        "incomeBeforeTaxRatio": 0.29032009453835483,
        "incomeTaxExpense": 2064000000,
        "netIncome": 9042000000,
        "netIncomeRatio": 0.232286903355084,
        "eps": 5.26,
        "epsdiluted": 5.19,
        "weightedAverageShsOut": 1617000000,
        "weightedAverageShsOutDil": 1640000000,
        "link": "https://www.sec.gov/Archives/edgar/data/895421/000089542120000265/0000895421-20-000265-index.htm",
        "finalLink": "https://www.sec.gov/Archives/edgar/data/895421/000089542120000265/msq4201910k.htm"
    },
    {
        "date": "2018-12-31",
        "symbol": "MS",
        "reportedCurrency": "USD",
        "cik": "0000895421",
        "fillingDate": "2019-02-26",
        "acceptedDate": "2019-02-26 16:12:52",
        "calendarYear": "2018",
        "period": "FY",
        "revenue": 37714000000,
        "costOfRevenue": 0,
        "grossProfit": 0,
        "grossProfitRatio": 0,
        "researchAndDevelopmentExpenses": 0,
        "generalAndAdministrativeExpenses": 19648000000,
        "sellingAndMarketingExpenses": 691000000,
        "sellingGeneralAndAdministrativeExpenses": 20339000000,
        "otherExpenses": 8531000000,
        "operatingExpenses": 28870000000,
        "costAndExpenses": 0,
        "interestIncome": 13892000000,
        "interestExpense": 10086000000,
        "depreciationAndAmortization": 1844000000,
        "ebitda": 23028000000,
        "ebitdaratio": 0.6105955348146577,
        "operatingIncome": 0,
        "operatingIncomeRatio": 0,
        "totalOtherIncomeExpensesNet": 0,
        "incomeBeforeTax": 11237000000,
        "incomeBeforeTaxRatio": 0.29795301479556663,
        "incomeTaxExpense": 2350000000,
        "netIncome": 8748000000,
        "netIncomeRatio": 0.23195630269926287,
        "eps": 4.81,
        "epsdiluted": 4.73,
        "weightedAverageShsOut": 1708000000,
        "weightedAverageShsOutDil": 1738000000,
        "link": "https://www.sec.gov/Archives/edgar/data/895421/000119312519051943/0001193125-19-051943-index.html",
        "finalLink": "https://www.sec.gov/Archives/edgar/data/895421/000119312519051943/d707577d10k.htm"
    },
    {
        "date": "2017-12-31",
        "symbol": "MS",
        "reportedCurrency": "USD",
        "cik": "0000895421",
        "fillingDate": "2018-02-27",
        "acceptedDate": "2018-02-27 16:09:47",
        "calendarYear": "2017",
        "period": "FY",
        "revenue": 35852000000,
        "costOfRevenue": 0,
        "grossProfit": 0,
        "grossProfitRatio": 0,
        "researchAndDevelopmentExpenses": 0,
        "generalAndAdministrativeExpenses": 18957000000,
        "sellingAndMarketingExpenses": 609000000,
        "sellingGeneralAndAdministrativeExpenses": 19566000000,
        "otherExpenses": 7976000000,
        "operatingExpenses": 27542000000,
        "costAndExpenses": 0,
        "interestIncome": 8997000000,
        "interestExpense": 5709000000,
        "depreciationAndAmortization": 1753000000,
        "ebitda": 17741000000,
        "ebitdaratio": 0.49483989735579603,
        "operatingIncome": 0,
        "operatingIncomeRatio": 0,
        "totalOtherIncomeExpensesNet": 0,
        "incomeBeforeTax": 10403000000,
        "incomeBeforeTaxRatio": 0.2901651232846145,
        "incomeTaxExpense": 4168000000,
        "netIncome": 6111000000,
        "netIncomeRatio": 0.17045074193908288,
        "eps": 3.16,
        "epsdiluted": 3.09,
        "weightedAverageShsOut": 1780000000,
        "weightedAverageShsOutDil": 1821000000,
        "link": "https://www.sec.gov/Archives/edgar/data/895421/000119312518060831/0001193125-18-060831-index.html",
        "finalLink": "https://www.sec.gov/Archives/edgar/data/895421/000119312518060831/d500533d10k.htm"
    },
    {
        "date": "2016-12-31",
        "symbol": "MS",
        "reportedCurrency": "USD",
        "cik": "0000895421",
        "fillingDate": "2017-02-27",
        "acceptedDate": "2017-02-27 17:05:04",
        "calendarYear": "2016",
        "period": "FY",
        "revenue": 32711000000,
        "costOfRevenue": 0,
        "grossProfit": 0,
        "grossProfitRatio": 0,
        "researchAndDevelopmentExpenses": 0,
        "generalAndAdministrativeExpenses": 17665000000,
        "sellingAndMarketingExpenses": 587000000,
        "sellingGeneralAndAdministrativeExpenses": 18252000000,
        "otherExpenses": 7531000000,
        "operatingExpenses": 25783000000,
        "costAndExpenses": 0,
        "interestIncome": 7016000000,
        "interestExpense": 5040000000,
        "depreciationAndAmortization": 1736000000,
        "ebitda": 15481000000,
        "ebitdaratio": 0.4732658738650607,
        "operatingIncome": 0,
        "operatingIncomeRatio": 0,
        "totalOtherIncomeExpensesNet": 0,
        "incomeBeforeTax": 8848000000,
        "incomeBeforeTaxRatio": 0.2704900492189172,
        "incomeTaxExpense": 2726000000,
        "netIncome": 5979000000,
        "netIncomeRatio": 0.18278255021246675,
        "eps": 2.98,
        "epsdiluted": 2.92,
        "weightedAverageShsOut": 1849000000,
        "weightedAverageShsOutDil": 1887000000,
        "link": "https://www.sec.gov/Archives/edgar/data/895421/000119312517059212/0001193125-17-059212-index.html",
        "finalLink": "https://www.sec.gov/Archives/edgar/data/895421/000119312517059212/d328282d10k.htm"
    },
    {
        "date": "2015-12-31",
        "symbol": "MS",
        "reportedCurrency": "USD",
        "cik": "0000895421",
        "fillingDate": "2016-02-23",
        "acceptedDate": "2016-02-23 16:13:59",
        "calendarYear": "2015",
        "period": "FY",
        "revenue": 33263000000,
        "costOfRevenue": 0,
        "grossProfit": 0,
        "grossProfitRatio": 0,
        "researchAndDevelopmentExpenses": 0,
        "generalAndAdministrativeExpenses": 17783000000,
        "sellingAndMarketingExpenses": 681000000,
        "sellingGeneralAndAdministrativeExpenses": 18464000000,
        "otherExpenses": 8196000000,
        "operatingExpenses": 26660000000,
        "costAndExpenses": 0,
        "interestIncome": 5835000000,
        "interestExpense": 5159000000,
        "depreciationAndAmortization": 1433000000,
        "ebitda": 14919000000,
        "ebitdaratio": 0.44851636953972884,
        "operatingIncome": 0,
        "operatingIncomeRatio": 0,
        "totalOtherIncomeExpensesNet": 0,
        "incomeBeforeTax": 8495000000,
        "incomeBeforeTaxRatio": 0.25538887051679043,
        "incomeTaxExpense": 2200000000,
        "netIncome": 6127000000,
        "netIncomeRatio": 0.1841986591708505,
        "eps": 2.97,
        "epsdiluted": 2.9,
        "weightedAverageShsOut": 1909000000,
        "weightedAverageShsOutDil": 1953000000,
        "link": "https://www.sec.gov/Archives/edgar/data/895421/000119312516473553/0001193125-16-473553-index.html",
        "finalLink": "https://www.sec.gov/Archives/edgar/data/895421/000119312516473553/d48186d10k.htm"
    },
    {
        "date": "2014-12-31",
        "symbol": "MS",
        "reportedCurrency": "USD",
        "cik": "0000895421",
        "fillingDate": "2015-03-02",
        "acceptedDate": "2015-03-02 09:16:58",
        "calendarYear": "2014",
        "period": "FY",
        "revenue": 32469000000,
        "costOfRevenue": 0,
        "grossProfit": 0,
        "grossProfitRatio": 0,
        "researchAndDevelopmentExpenses": 0,
        "generalAndAdministrativeExpenses": 19459000000,
        "sellingAndMarketingExpenses": 658000000,
        "sellingGeneralAndAdministrativeExpenses": 20117000000,
        "otherExpenses": 10567000000,
        "operatingExpenses": 30684000000,
        "costAndExpenses": 0,
        "interestIncome": 5413000000,
        "interestExpense": 5233000000,
        "depreciationAndAmortization": 1161000000,
        "ebitda": 9771000000,
        "ebitdaratio": 0.30093319781945854,
        "operatingIncome": 0,
        "operatingIncomeRatio": 0,
        "totalOtherIncomeExpensesNet": 0,
        "incomeBeforeTax": 3591000000,
        "incomeBeforeTaxRatio": 0.11059780097939573,
        "incomeTaxExpense": -90000000,
        "netIncome": 3467000000,
        "netIncomeRatio": 0.1067787735994333,
        "eps": 1.801975051975052,
        "epsdiluted": 1.759005580923389,
        "weightedAverageShsOut": 1924000000,
        "weightedAverageShsOutDil": 1971000000,
        "link": "https://www.sec.gov/Archives/edgar/data/895421/000119312515071980/d869080d10k.htm",
        "finalLink": "https://www.sec.gov/Archives/edgar/data/895421/000119312515071980/d869080d10k.htm"
    },
    {
        "date": "2013-12-31",
        "symbol": "MS",
        "reportedCurrency": "USD",
        "cik": "0000895421",
        "fillingDate": "2014-02-25",
        "acceptedDate": "2014-02-25 16:34:54",
        "calendarYear": "2013",
        "period": "FY",
        "revenue": 30706000000,
        "costOfRevenue": 0,
        "grossProfit": 0,
        "grossProfitRatio": 0,
        "researchAndDevelopmentExpenses": 0,
        "generalAndAdministrativeExpenses": 18045000000,
        "sellingAndMarketingExpenses": 638000000,
        "sellingGeneralAndAdministrativeExpenses": 18683000000,
        "otherExpenses": 9252000000,
        "operatingExpenses": 27935000000,
        "costAndExpenses": 0,
        "interestIncome": 5209000000,
        "interestExpense": 5426000000,
        "depreciationAndAmortization": 1511000000,
        "ebitda": 10695000000,
        "ebitdaratio": 0.3483032632058881,
        "operatingIncome": 0,
        "operatingIncomeRatio": 0,
        "totalOtherIncomeExpensesNet": 0,
        "incomeBeforeTax": 4482000000,
        "incomeBeforeTaxRatio": 0.1459649579886667,
        "incomeTaxExpense": 826000000,
        "netIncome": 2932000000,
        "netIncomeRatio": 0.09548622419071191,
        "eps": 1.44,
        "epsdiluted": 1.41,
        "weightedAverageShsOut": 1906000000,
        "weightedAverageShsOutDil": 1957000000,
        "link": "https://www.sec.gov/Archives/edgar/data/895421/000119312514067354/d639242d10k.htm",
        "finalLink": "https://www.sec.gov/Archives/edgar/data/895421/000119312514067354/d639242d10k.htm"
    },
    {
        "date": "2012-12-31",
        "symbol": "MS",
        "reportedCurrency": "USD",
        "cik": "0000895421",
        "fillingDate": "2013-02-26",
        "acceptedDate": "2013-02-26 17:13:37",
        "calendarYear": "2012",
        "period": "FY",
        "revenue": 24576000000,
        "costOfRevenue": 0,
        "grossProfit": 0,
        "grossProfitRatio": 0,
        "researchAndDevelopmentExpenses": 0,
        "generalAndAdministrativeExpenses": 17535000000,
        "sellingAndMarketingExpenses": 602000000,
        "sellingGeneralAndAdministrativeExpenses": 18137000000,
        "otherExpenses": 7445000000,
        "operatingExpenses": 25582000000,
        "costAndExpenses": 0,
        "interestIncome": 5725000000,
        "interestExpense": 6646000000,
        "depreciationAndAmortization": 1581000000,
        "ebitda": 8056000000,
        "ebitdaratio": 0.3277994791666667,
        "operatingIncome": 0,
        "operatingIncomeRatio": 0,
        "totalOtherIncomeExpensesNet": 0,
        "incomeBeforeTax": 515000000,
        "incomeBeforeTaxRatio": 0.020955403645833332,
        "incomeTaxExpense": -239000000,
        "netIncome": 68000000,
        "netIncomeRatio": 0.0027669270833333335,
        "eps": 0.036055143160127257,
        "epsdiluted": 0.036055143160127257,
        "weightedAverageShsOut": 1886000000,
        "weightedAverageShsOutDil": 1886000000,
        "link": "https://www.sec.gov/Archives/edgar/data/895421/000119312513077191/0001193125-13-077191-index.html",
        "finalLink": "https://www.sec.gov/Archives/edgar/data/895421/000119312513077191/d484822d10k.htm"
    },
    {
        "date": "2011-12-31",
        "symbol": "MS",
        "reportedCurrency": "USD",
        "cik": "0000895421",
        "fillingDate": "2012-02-27",
        "acceptedDate": "2012-02-27 16:49:37",
        "calendarYear": "2011",
        "period": "FY",
        "revenue": 32403000000,
        "costOfRevenue": 0,
        "grossProfit": 0,
        "grossProfitRatio": 0,
        "researchAndDevelopmentExpenses": 0,
        "generalAndAdministrativeExpenses": 18218000000,
        "sellingAndMarketingExpenses": 602000000,
        "sellingGeneralAndAdministrativeExpenses": 18820000000,
        "otherExpenses": 7297000000,
        "operatingExpenses": 26117000000,
        "costAndExpenses": 0,
        "interestIncome": 7264000000,
        "interestExpense": 7114000000,
        "depreciationAndAmortization": 1404000000,
        "ebitda": 14046000000,
        "ebitdaratio": 0.43347838163133046,
        "operatingIncome": 0,
        "operatingIncomeRatio": 0,
        "totalOtherIncomeExpensesNet": 0,
        "incomeBeforeTax": 6114000000,
        "incomeBeforeTaxRatio": 0.18868623275622629,
        "incomeTaxExpense": 1418000000,
        "netIncome": 4110000000,
        "netIncomeRatio": 0.1268401073974632,
        "eps": 1.25,
        "epsdiluted": 1.23,
        "weightedAverageShsOut": 1655000000,
        "weightedAverageShsOutDil": 1675000000,
        "link": "https://www.sec.gov/Archives/edgar/data/895421/000119312512081807/0001193125-12-081807-index.html",
        "finalLink": "https://www.sec.gov/Archives/edgar/data/895421/000119312512081807/d262950d10k.htm"
    },
    {
        "date": "2010-12-31",
        "symbol": "MS",
        "reportedCurrency": "USD",
        "cik": "0000895421",
        "fillingDate": "2011-02-28",
        "acceptedDate": "2011-02-28 16:44:00",
        "calendarYear": "2010",
        "period": "FY",
        "revenue": 31622000000,
        "costOfRevenue": 0,
        "grossProfit": 0,
        "grossProfitRatio": 0,
        "researchAndDevelopmentExpenses": 0,
        "generalAndAdministrativeExpenses": 17713000000,
        "sellingAndMarketingExpenses": 582000000,
        "sellingGeneralAndAdministrativeExpenses": 18295000000,
        "otherExpenses": 6737000000,
        "operatingExpenses": 25032000000,
        "costAndExpenses": 0,
        "interestIncome": 7278000000,
        "interestExpense": 6521000000,
        "depreciationAndAmortization": 1419000000,
        "ebitda": 13382000000,
        "ebitdaratio": 0.4231863892226931,
        "operatingIncome": 0,
        "operatingIncomeRatio": 0,
        "totalOtherIncomeExpensesNet": 0,
        "incomeBeforeTax": 6202000000,
        "incomeBeforeTaxRatio": 0.19612927708557334,
        "incomeTaxExpense": 739000000,
        "netIncome": 4703000000,
        "netIncomeRatio": 0.14872557080513565,
        "eps": 2.64,
        "epsdiluted": 2.63,
        "weightedAverageShsOut": 1361363636,
        "weightedAverageShsOutDil": 1366539924,
        "link": "https://www.sec.gov/Archives/edgar/data/895421/000119312511050049/d10k.htm",
        "finalLink": "https://www.sec.gov/Archives/edgar/data/895421/000119312511050049/d10k.htm"
    },
    {
        "date": "2009-12-31",
        "symbol": "MS",
        "reportedCurrency": "USD",
        "cik": "0000895421",
        "fillingDate": "2010-02-26",
        "acceptedDate": "2010-02-26 15:34:34",
        "calendarYear": "2009",
        "period": "FY",
        "revenue": 23358000000,
        "costOfRevenue": 0,
        "grossProfit": 0,
        "grossProfitRatio": 0,
        "researchAndDevelopmentExpenses": 0,
        "generalAndAdministrativeExpenses": 17000000000,
        "sellingAndMarketingExpenses": 503000000,
        "sellingGeneralAndAdministrativeExpenses": 17503000000,
        "otherExpenses": 4647000000,
        "operatingExpenses": 22150000000,
        "costAndExpenses": 0,
        "interestIncome": 7702000000,
        "interestExpense": 7105000000,
        "depreciationAndAmortization": 1224000000,
        "ebitda": 9339000000,
        "ebitdaratio": 0.39982019008476755,
        "operatingIncome": 0,
        "operatingIncomeRatio": 0,
        "totalOtherIncomeExpensesNet": 0,
        "incomeBeforeTax": 857000000,
        "incomeBeforeTaxRatio": 0.03668978508433941,
        "incomeTaxExpense": -336000000,
        "netIncome": 1346000000,
        "netIncomeRatio": 0.05762479664354825,
        "eps": 1.127850054778613,
        "epsdiluted": 1.127850054778613,
        "weightedAverageShsOut": 1193421053,
        "weightedAverageShsOutDil": 1193421053,
        "link": "https://www.sec.gov/Archives/edgar/data/895421/000119312510042763/0001193125-10-042763-index.html",
        "finalLink": "https://www.sec.gov/Archives/edgar/data/895421/000119312510042763/d10k.htm"
    },
    {
        "date": "2008-11-30",
        "symbol": "MS",
        "reportedCurrency": "USD",
        "cik": "0000895421",
        "fillingDate": "2008-11-30",
        "acceptedDate": "2008-11-29 19:00:00",
        "calendarYear": "2008",
        "period": "FY",
        "revenue": 20085000000,
        "costOfRevenue": 0,
        "grossProfit": 0,
        "grossProfitRatio": 0,
        "researchAndDevelopmentExpenses": 0,
        "generalAndAdministrativeExpenses": 12306000000,
        "sellingAndMarketingExpenses": 776000000,
        "sellingGeneralAndAdministrativeExpenses": 13082000000,
        "otherExpenses": 0,
        "operatingExpenses": 0,
        "costAndExpenses": 0,
        "interestIncome": 40725000000,
        "interestExpense": 37523000000,
        "depreciationAndAmortization": 794000000,
        "ebitda": 40504000000,
        "ebitdaratio": 2.0166293253671896,
        "operatingIncome": 0,
        "operatingIncomeRatio": 0,
        "totalOtherIncomeExpensesNet": 0,
        "incomeBeforeTax": 2287000000,
        "incomeBeforeTaxRatio": 0.11386606920587503,
        "incomeTaxExpense": 480000000,
        "netIncome": 1707000000,
        "netIncomeRatio": 0.08498879761015683,
        "eps": 1.54,
        "epsdiluted": 1.45,
        "weightedAverageShsOut": 1028180275,
        "weightedAverageShsOutDil": 1095704880,
        "link": "",
        "finalLink": ""
    },
    {
        "date": "2007-11-30",
        "symbol": "MS",
        "reportedCurrency": "USD",
        "cik": "0000895421",
        "fillingDate": "2008-01-29",
        "acceptedDate": "2008-01-28 20:55:31",
        "calendarYear": "2007",
        "period": "FY",
        "revenue": 28026000000,
        "costOfRevenue": 0,
        "grossProfit": 0,
        "grossProfitRatio": 0,
        "researchAndDevelopmentExpenses": 0,
        "generalAndAdministrativeExpenses": 16552000000,
        "sellingAndMarketingExpenses": 813000000,
        "sellingGeneralAndAdministrativeExpenses": 17365000000,
        "otherExpenses": 6337000000,
        "operatingExpenses": 23702000000,
        "costAndExpenses": 0,
        "interestIncome": 60083000000,
        "interestExpense": 57302000000,
        "depreciationAndAmortization": 475000000,
        "ebitda": 61817000000,
        "ebitdaratio": 2.2057018482837365,
        "operatingIncome": 0,
        "operatingIncomeRatio": 0,
        "totalOtherIncomeExpensesNet": 0,
        "incomeBeforeTax": 3394000000,
        "incomeBeforeTaxRatio": 0.12110183401127525,
        "incomeTaxExpense": 831000000,
        "netIncome": 3209000000,
        "netIncomeRatio": 0.11450082066652394,
        "eps": 3.13,
        "epsdiluted": 2.98,
        "weightedAverageShsOut": 1001878651,
        "weightedAverageShsOutDil": 1054240169,
        "link": "https://www.sec.gov/Archives/edgar/data/895421/000119312508013719/d10k.htm",
        "finalLink": "https://www.sec.gov/Archives/edgar/data/895421/000119312508013719/d10k.htm"
    },
    {
        "date": "2006-11-30",
        "symbol": "MS",
        "reportedCurrency": "USD",
        "cik": "0000895421",
        "fillingDate": "2007-02-13",
        "acceptedDate": "2007-02-12 20:30:30",
        "calendarYear": "2006",
        "period": "FY",
        "revenue": 34614000000,
        "costOfRevenue": 0,
        "grossProfit": 0,
        "grossProfitRatio": 0,
        "researchAndDevelopmentExpenses": 0,
        "generalAndAdministrativeExpenses": 14387000000,
        "sellingAndMarketingExpenses": 1247000000,
        "sellingGeneralAndAdministrativeExpenses": 15634000000,
        "otherExpenses": 5101000000,
        "operatingExpenses": 20735000000,
        "costAndExpenses": 0,
        "interestIncome": 45216000000,
        "interestExpense": 41937000000,
        "depreciationAndAmortization": 876000000,
        "ebitda": 53560000000,
        "ebitdaratio": 1.5473507829202058,
        "operatingIncome": 0,
        "operatingIncomeRatio": 0,
        "totalOtherIncomeExpensesNet": 0,
        "incomeBeforeTax": 10772000000,
        "incomeBeforeTaxRatio": 0.31120355925348125,
        "incomeTaxExpense": 3275000000,
        "netIncome": 7472000000,
        "netIncomeRatio": 0.21586641243427515,
        "eps": 7.38,
        "epsdiluted": 7.07,
        "weightedAverageShsOut": 1010254255,
        "weightedAverageShsOutDil": 1054796062,
        "link": "https://www.sec.gov/Archives/edgar/data/895421/000119312507027693/d10k.htm",
        "finalLink": "https://www.sec.gov/Archives/edgar/data/895421/000119312507027693/d10k.htm"
    },
    {
        "date": "2005-11-30",
        "symbol": "MS",
        "reportedCurrency": "USD",
        "cik": "0000895421",
        "fillingDate": "2006-02-13",
        "acceptedDate": "2006-02-13 15:30:36",
        "calendarYear": "2005",
        "period": "FY",
        "revenue": 27345000000,
        "costOfRevenue": 0,
        "grossProfit": 0,
        "grossProfitRatio": 0,
        "researchAndDevelopmentExpenses": 0,
        "generalAndAdministrativeExpenses": 11313000000,
        "sellingAndMarketingExpenses": 1162000000,
        "sellingGeneralAndAdministrativeExpenses": 12475000000,
        "otherExpenses": 4734000000,
        "operatingExpenses": 17209000000,
        "costAndExpenses": 0,
        "interestIncome": 28175000000,
        "interestExpense": 24425000000,
        "depreciationAndAmortization": 815000000,
        "ebitda": 32037000000,
        "ebitdaratio": 1.171585298957762,
        "operatingIncome": 0,
        "operatingIncomeRatio": 0,
        "totalOtherIncomeExpensesNet": 0,
        "incomeBeforeTax": 7050000000,
        "incomeBeforeTaxRatio": 0.2578167855183763,
        "incomeTaxExpense": 1858000000,
        "netIncome": 4939000000,
        "netIncomeRatio": 0.1806180288901079,
        "eps": 4.7,
        "epsdiluted": 4.57,
        "weightedAverageShsOut": 1049896047,
        "weightedAverageShsOutDil": 1079936315,
        "link": "https://www.sec.gov/Archives/edgar/data/895421/000119312506028736/d10k.htm",
        "finalLink": "https://www.sec.gov/Archives/edgar/data/895421/000119312506028736/d10k.htm"
    },
    {
        "date": "2004-11-30",
        "symbol": "MS",
        "reportedCurrency": "USD",
        "cik": "0000895421",
        "fillingDate": "2005-02-11",
        "acceptedDate": "2005-02-10 20:23:30",
        "calendarYear": "2004",
        "period": "FY",
        "revenue": 24690000000,
        "costOfRevenue": 0,
        "grossProfit": 0,
        "grossProfitRatio": 0,
        "researchAndDevelopmentExpenses": 0,
        "generalAndAdministrativeExpenses": 9880000000,
        "sellingAndMarketingExpenses": 1129000000,
        "sellingGeneralAndAdministrativeExpenses": 11009000000,
        "otherExpenses": 0,
        "operatingExpenses": 0,
        "costAndExpenses": 0,
        "interestIncome": 18590000000,
        "interestExpense": 14859000000,
        "depreciationAndAmortization": 805000000,
        "ebitda": 21953000000,
        "ebitdaratio": 0.8891454029971648,
        "operatingIncome": 0,
        "operatingIncomeRatio": 0,
        "totalOtherIncomeExpensesNet": 0,
        "incomeBeforeTax": 6312000000,
        "incomeBeforeTaxRatio": 0.25565006075334146,
        "incomeTaxExpense": 1803000000,
        "netIncome": 4486000000,
        "netIncomeRatio": 0.1816929931146213,
        "eps": 4.15,
        "epsdiluted": 4.06,
        "weightedAverageShsOut": 1080121708,
        "weightedAverageShsOutDil": 1105185480,
        "link": "https://www.sec.gov/Archives/edgar/data/895421/000119312505025463/d10k.htm",
        "finalLink": "https://www.sec.gov/Archives/edgar/data/895421/000119312505025463/d10k.htm"
    },
    {
        "date": "2003-11-30",
        "symbol": "MS",
        "reportedCurrency": "USD",
        "cik": "0000895421",
        "fillingDate": "2004-02-25",
        "acceptedDate": "2004-02-25 09:40:46",
        "calendarYear": "2003",
        "period": "FY",
        "revenue": 22124000000,
        "costOfRevenue": 0,
        "grossProfit": 0,
        "grossProfitRatio": 0,
        "researchAndDevelopmentExpenses": 0,
        "generalAndAdministrativeExpenses": 8545000000,
        "sellingAndMarketingExpenses": 967000000,
        "sellingGeneralAndAdministrativeExpenses": 9512000000,
        "otherExpenses": 0,
        "operatingExpenses": 0,
        "costAndExpenses": 0,
        "interestIncome": 15744000000,
        "interestExpense": 12809000000,
        "depreciationAndAmortization": 637000000,
        "ebitda": 18780000000,
        "ebitdaratio": 0.8488519255107575,
        "operatingIncome": 0,
        "operatingIncomeRatio": 0,
        "totalOtherIncomeExpensesNet": 0,
        "incomeBeforeTax": 5334000000,
        "incomeBeforeTaxRatio": 0.24109564274091486,
        "incomeTaxExpense": 1547000000,
        "netIncome": 3787000000,
        "netIncomeRatio": 0.1711715783764238,
        "eps": 3.52,
        "epsdiluted": 3.45,
        "weightedAverageShsOut": 1076754740,
        "weightedAverageShsOutDil": 1099117972,
        "link": "https://www.sec.gov/Archives/edgar/data/895421/000119312504029127/d10k.htm",
        "finalLink": "https://www.sec.gov/Archives/edgar/data/895421/000119312504029127/d10k.htm"
    },
    {
        "date": "2002-11-30",
        "symbol": "MS",
        "reportedCurrency": "USD",
        "cik": "0000895421",
        "fillingDate": "2003-02-19",
        "acceptedDate": "2003-02-19 14:25:54",
        "calendarYear": "2002",
        "period": "FY",
        "revenue": 20445000000,
        "costOfRevenue": 0,
        "grossProfit": 0,
        "grossProfitRatio": 0,
        "researchAndDevelopmentExpenses": 0,
        "generalAndAdministrativeExpenses": 7933000000,
        "sellingAndMarketingExpenses": 1133000000,
        "sellingGeneralAndAdministrativeExpenses": 9066000000,
        "otherExpenses": 0,
        "operatingExpenses": 0,
        "costAndExpenses": 0,
        "interestIncome": 15866000000,
        "interestExpense": 11970000000,
        "depreciationAndAmortization": 787000000,
        "ebitda": 17390000000,
        "ebitdaratio": 0.8505747126436781,
        "operatingIncome": 0,
        "operatingIncomeRatio": 0,
        "totalOtherIncomeExpensesNet": 0,
        "incomeBeforeTax": 4633000000,
        "incomeBeforeTaxRatio": 0.22660797260943996,
        "incomeTaxExpense": 1645000000,
        "netIncome": 2988000000,
        "netIncomeRatio": 0.14614820249449742,
        "eps": 2.76,
        "epsdiluted": 2.69,
        "weightedAverageShsOut": 1083270783,
        "weightedAverageShsOutDil": 1109637953,
        "link": "https://www.sec.gov/Archives/edgar/data/895421/000095013003001275/d10k.htm",
        "finalLink": "https://www.sec.gov/Archives/edgar/data/895421/000095013003001275/d10k.htm"
    },
    {
        "date": "2001-11-30",
        "symbol": "MS",
        "reportedCurrency": "USD",
        "cik": "0000895421",
        "fillingDate": "2001-11-30",
        "acceptedDate": "2001-11-29 19:00:00",
        "calendarYear": "2001",
        "period": "FY",
        "revenue": 22948000000,
        "costOfRevenue": 0,
        "grossProfit": 0,
        "grossProfitRatio": 0,
        "researchAndDevelopmentExpenses": 0,
        "generalAndAdministrativeExpenses": 9397000000,
        "sellingAndMarketingExpenses": 1258000000,
        "sellingGeneralAndAdministrativeExpenses": 10655000000,
        "otherExpenses": 0,
        "operatingExpenses": 0,
        "costAndExpenses": 0,
        "interestIncome": 24127000000,
        "interestExpense": 20779000000,
        "depreciationAndAmortization": 729000000,
        "ebitda": 27103000000,
        "ebitdaratio": 1.1810615304165941,
        "operatingIncome": 0,
        "operatingIncomeRatio": 0,
        "totalOtherIncomeExpensesNet": 0,
        "incomeBeforeTax": 5684000000,
        "incomeBeforeTaxRatio": 0.24769043053860904,
        "incomeTaxExpense": 2074000000,
        "netIncome": 3521000000,
        "netIncomeRatio": 0.15343385044448318,
        "eps": 3.21,
        "epsdiluted": 3.11,
        "weightedAverageShsOut": 1086121508,
        "weightedAverageShsOutDil": 1121764086,
        "link": "",
        "finalLink": ""
    },
    {
        "date": "2000-11-30",
        "symbol": "MS",
        "reportedCurrency": "USD",
        "cik": "0000895421",
        "fillingDate": "2001-02-27",
        "acceptedDate": "2001-02-27 00:00:00",
        "calendarYear": "2000",
        "period": "FY",
        "revenue": 27272000000,
        "costOfRevenue": 0,
        "grossProfit": 0,
        "grossProfitRatio": 0,
        "researchAndDevelopmentExpenses": 0,
        "generalAndAdministrativeExpenses": 10936000000,
        "sellingAndMarketingExpenses": 2058000000,
        "sellingGeneralAndAdministrativeExpenses": 12994000000,
        "otherExpenses": 0,
        "operatingExpenses": 0,
        "costAndExpenses": 0,
        "interestIncome": 21234000000,
        "interestExpense": 18176000000,
        "depreciationAndAmortization": 727000000,
        "ebitda": 27429000000,
        "ebitdaratio": 1.0057568201818716,
        "operatingIncome": 0,
        "operatingIncomeRatio": 0,
        "totalOtherIncomeExpensesNet": 0,
        "incomeBeforeTax": 8526000000,
        "incomeBeforeTaxRatio": 0.31262833675564683,
        "incomeTaxExpense": 3070000000,
        "netIncome": 5456000000,
        "netIncomeRatio": 0.20005866823115284,
        "eps": 4.95,
        "epsdiluted": 4.73,
        "weightedAverageShsOut": 1095858438,
        "weightedAverageShsOutDil": 1145011515,
        "link": "https://www.sec.gov/Archives/edgar/data/895421/000095013001500182/0000950130-01-500182-index.htm",
        "finalLink": "https://www.sec.gov/Archives/edgar/data/895421/000095013001500182/d10ka.txt"
    },
    {
        "date": "1999-11-30",
        "symbol": "MS",
        "reportedCurrency": "USD",
        "cik": "0000895421",
        "fillingDate": "1999-11-30",
        "acceptedDate": "1999-11-29 19:00:00",
        "calendarYear": "1999",
        "period": "FY",
        "revenue": 22538000000,
        "costOfRevenue": 0,
        "grossProfit": 0,
        "grossProfitRatio": 0,
        "researchAndDevelopmentExpenses": 0,
        "generalAndAdministrativeExpenses": 8398000000,
        "sellingAndMarketingExpenses": 1679000000,
        "sellingGeneralAndAdministrativeExpenses": 10077000000,
        "otherExpenses": 0,
        "operatingExpenses": 0,
        "costAndExpenses": 0,
        "interestIncome": 13755000000,
        "interestExpense": 11390000000,
        "depreciationAndAmortization": 541000000,
        "ebitda": 19659000000,
        "ebitdaratio": 0.8722601828023782,
        "operatingIncome": 0,
        "operatingIncomeRatio": 0,
        "totalOtherIncomeExpensesNet": 0,
        "incomeBeforeTax": 7728000000,
        "incomeBeforeTaxRatio": 0.34288756766350165,
        "incomeTaxExpense": 2937000000,
        "netIncome": 4791000000,
        "netIncomeRatio": 0.21257431892803266,
        "eps": 4.33,
        "epsdiluted": 4.1,
        "weightedAverageShsOut": 1096789720,
        "weightedAverageShsOutDil": 1159500670,
        "link": "",
        "finalLink": ""
    },
    {
        "date": "1998-11-30",
        "symbol": "MS",
        "reportedCurrency": "USD",
        "cik": "0000895421",
        "fillingDate": "1998-11-30",
        "acceptedDate": "1998-11-29 19:00:00",
        "calendarYear": "1998",
        "period": "FY",
        "revenue": 17617000000,
        "costOfRevenue": 0,
        "grossProfit": 0,
        "grossProfitRatio": 0,
        "researchAndDevelopmentExpenses": 0,
        "generalAndAdministrativeExpenses": 6636000000,
        "sellingAndMarketingExpenses": 1411000000,
        "sellingGeneralAndAdministrativeExpenses": 8047000000,
        "otherExpenses": 0,
        "operatingExpenses": 0,
        "costAndExpenses": 0,
        "interestIncome": 16436000000,
        "interestExpense": 13514000000,
        "depreciationAndAmortization": 575000000,
        "ebitda": 19357000000,
        "ebitdaratio": 1.0987682352273371,
        "operatingIncome": 0,
        "operatingIncomeRatio": 0,
        "totalOtherIncomeExpensesNet": 0,
        "incomeBeforeTax": 5385000000,
        "incomeBeforeTaxRatio": 0.30567065902253504,
        "incomeTaxExpense": 1992000000,
        "netIncome": 3276000000,
        "netIncomeRatio": 0.18595674632457285,
        "eps": 2.8,
        "epsdiluted": 2.665,
        "weightedAverageShsOut": 1151645450,
        "weightedAverageShsOutDil": 1212588130,
        "link": "",
        "finalLink": ""
    },
    {
        "date": "1997-11-30",
        "symbol": "MS",
        "reportedCurrency": "USD",
        "cik": "0000895421",
        "fillingDate": "1997-11-30",
        "acceptedDate": "1997-11-29 19:00:00",
        "calendarYear": "1997",
        "period": "FY",
        "revenue": 16326000000,
        "costOfRevenue": 0,
        "grossProfit": 0,
        "grossProfitRatio": 0,
        "researchAndDevelopmentExpenses": 0,
        "generalAndAdministrativeExpenses": 6019000000,
        "sellingAndMarketingExpenses": 1179000000,
        "sellingGeneralAndAdministrativeExpenses": 7198000000,
        "otherExpenses": 0,
        "operatingExpenses": 0,
        "costAndExpenses": 0,
        "interestIncome": 13583000000,
        "interestExpense": 10806000000,
        "depreciationAndAmortization": 338000000,
        "ebitda": 15418000000,
        "ebitdaratio": 0.9443831924537548,
        "operatingIncome": 0,
        "operatingIncomeRatio": 0,
        "totalOtherIncomeExpensesNet": 0,
        "incomeBeforeTax": 4274000000,
        "incomeBeforeTaxRatio": 0.26179100820776674,
        "incomeTaxExpense": 1688000000,
        "netIncome": 2586000000,
        "netIncomeRatio": 0.1583976479235575,
        "eps": 2.125,
        "epsdiluted": 2.075,
        "weightedAverageShsOut": 1188365770,
        "weightedAverageShsOutDil": 1218087848,
        "link": "",
        "finalLink": ""
    },
    {
        "date": "1996-11-30",
        "symbol": "MS",
        "reportedCurrency": "USD",
        "cik": "0000895421",
        "fillingDate": "1996-11-30",
        "acceptedDate": "1996-11-29 19:00:00",
        "calendarYear": "1996",
        "period": "FY",
        "revenue": 22171000000,
        "costOfRevenue": 1531000000,
        "grossProfit": 20640000000,
        "grossProfitRatio": 0.9309458301384692,
        "researchAndDevelopmentExpenses": 0,
        "generalAndAdministrativeExpenses": 7921000000,
        "sellingAndMarketingExpenses": 0,
        "sellingGeneralAndAdministrativeExpenses": 3065000000,
        "otherExpenses": 14458000000,
        "operatingExpenses": 17523000000,
        "costAndExpenses": 19054000000,
        "interestIncome": 3587300000,
        "interestExpense": 1566200000,
        "depreciationAndAmortization": 83300000,
        "ebitda": 4766500000,
        "ebitdaratio": 0.2149880474493708,
        "operatingIncome": 3117000000,
        "operatingIncomeRatio": 0.1405890577781787,
        "totalOtherIncomeExpensesNet": 0,
        "incomeBeforeTax": 3117000000,
        "incomeBeforeTaxRatio": 0.1405890577781787,
        "incomeTaxExpense": 1137000000,
        "netIncome": 1980000000,
        "netIncomeRatio": 0.0893058499842136,
        "eps": 1.395,
        "epsdiluted": 1.385,
        "weightedAverageShsOut": 682400000,
        "weightedAverageShsOutDil": 686600000,
        "link": "",
        "finalLink": ""
    },
    {
        "date": "1995-12-31",
        "symbol": "MS",
        "reportedCurrency": "USD",
        "cik": "0000895421",
        "fillingDate": "1995-12-31",
        "acceptedDate": "1995-12-30 19:00:00",
        "calendarYear": "1995",
        "period": "FY",
        "revenue": 6419600000,
        "costOfRevenue": 0,
        "grossProfit": 0,
        "grossProfitRatio": 0,
        "researchAndDevelopmentExpenses": 0,
        "generalAndAdministrativeExpenses": 1981600000,
        "sellingAndMarketingExpenses": 735100000,
        "sellingGeneralAndAdministrativeExpenses": 2716700000,
        "otherExpenses": 0,
        "operatingExpenses": 0,
        "costAndExpenses": 0,
        "interestIncome": 3319000000,
        "interestExpense": 1514800000,
        "depreciationAndAmortization": 70000000,
        "ebitda": 2980700000,
        "ebitdaratio": 0.4643124182192037,
        "operatingIncome": 0,
        "operatingIncomeRatio": 0,
        "totalOtherIncomeExpensesNet": 0,
        "incomeBeforeTax": 1395900000,
        "incomeBeforeTaxRatio": 0.21744345442083618,
        "incomeTaxExpense": 539500000,
        "netIncome": 856400000,
        "netIncomeRatio": 0.1334039504018942,
        "eps": 1.15,
        "epsdiluted": 1.13,
        "weightedAverageShsOut": 744695652,
        "weightedAverageShsOutDil": 757876106,
        "link": "",
        "finalLink": ""
    },
    {
        "date": "1994-12-31",
        "symbol": "MS",
        "reportedCurrency": "USD",
        "cik": "0000895421",
        "fillingDate": "1994-12-31",
        "acceptedDate": "1994-12-30 19:00:00",
        "calendarYear": "1994",
        "period": "FY",
        "revenue": 5554100000,
        "costOfRevenue": 0,
        "grossProfit": 0,
        "grossProfitRatio": 0,
        "researchAndDevelopmentExpenses": 0,
        "generalAndAdministrativeExpenses": 1764200000,
        "sellingAndMarketingExpenses": 607200000,
        "sellingGeneralAndAdministrativeExpenses": 2371400000,
        "otherExpenses": 0,
        "operatingExpenses": 0,
        "costAndExpenses": 0,
        "interestIncome": 2507200000,
        "interestExpense": 1048500000,
        "depreciationAndAmortization": 58800000,
        "ebitda": 2321900000,
        "ebitdaratio": 0.4180515295007292,
        "operatingIncome": 0,
        "operatingIncomeRatio": 0,
        "totalOtherIncomeExpensesNet": 0,
        "incomeBeforeTax": 1214600000,
        "incomeBeforeTaxRatio": 0.21868529554743343,
        "incomeTaxExpense": 473700000,
        "netIncome": 740900000,
        "netIncomeRatio": 0.13339695000090024,
        "eps": 0.98,
        "epsdiluted": 0.97,
        "weightedAverageShsOut": 756020408,
        "weightedAverageShsOutDil": 763814433,
        "link": "",
        "finalLink": ""
    },
    {
        "date": "1993-12-31",
        "symbol": "MS",
        "reportedCurrency": "USD",
        "cik": "0000895421",
        "fillingDate": "1993-12-31",
        "acceptedDate": "1993-12-30 19:00:00",
        "calendarYear": "1993",
        "period": "FY",
        "revenue": 5006300000,
        "costOfRevenue": 0,
        "grossProfit": 0,
        "grossProfitRatio": 0,
        "researchAndDevelopmentExpenses": 0,
        "generalAndAdministrativeExpenses": 1703900000,
        "sellingAndMarketingExpenses": 470400000,
        "sellingGeneralAndAdministrativeExpenses": 2174300000,
        "otherExpenses": 0,
        "operatingExpenses": 0,
        "costAndExpenses": 0,
        "interestIncome": 1909200000,
        "interestExpense": 815300000,
        "depreciationAndAmortization": 51300000,
        "ebitda": 1862800000,
        "ebitdaratio": 0.37209116513193374,
        "operatingIncome": 0,
        "operatingIncomeRatio": 0,
        "totalOtherIncomeExpensesNet": 0,
        "incomeBeforeTax": 996200000,
        "incomeBeforeTaxRatio": 0.19898927351537063,
        "incomeTaxExpense": 392600000,
        "netIncome": 603600000,
        "netIncomeRatio": 0.1205680842138905,
        "eps": 1.12,
        "epsdiluted": 1.1,
        "weightedAverageShsOut": 538928571,
        "weightedAverageShsOutDil": 548727273,
        "link": "",
        "finalLink": ""
    },
    {
        "date": "1991-12-31",
        "symbol": "MS",
        "reportedCurrency": "USD",
        "cik": "0000895421",
        "fillingDate": "1991-12-31",
        "acceptedDate": "1991-12-30 19:00:00",
        "calendarYear": "1991",
        "period": "FY",
        "revenue": 1265500000,
        "costOfRevenue": 0,
        "grossProfit": 0,
        "grossProfitRatio": 0,
        "researchAndDevelopmentExpenses": 0,
        "generalAndAdministrativeExpenses": 1396000000,
        "sellingAndMarketingExpenses": 0,
        "sellingGeneralAndAdministrativeExpenses": 1396000000,
        "otherExpenses": 0,
        "operatingExpenses": 0,
        "costAndExpenses": 0,
        "interestIncome": 5519700000,
        "interestExpense": 3924500000,
        "depreciationAndAmortization": 0,
        "ebitda": 4697000000,
        "ebitdaratio": 3.711576451995259,
        "operatingIncome": 0,
        "operatingIncomeRatio": 0,
        "totalOtherIncomeExpensesNet": 0,
        "incomeBeforeTax": 772500000,
        "incomeBeforeTaxRatio": 0.6104306598182536,
        "incomeTaxExpense": 297400000,
        "netIncome": 475100000,
        "netIncomeRatio": 0.3754247333069933,
        "eps": 2.97,
        "epsdiluted": 2.81,
        "weightedAverageShsOut": 150471380,
        "weightedAverageShsOutDil": 159039146,
        "link": "",
        "finalLink": ""
    },
    {
        "date": "1990-12-31",
        "symbol": "MS",
        "reportedCurrency": "USD",
        "cik": "0000895421",
        "fillingDate": "1990-12-31",
        "acceptedDate": "1990-12-30 19:00:00",
        "calendarYear": "1990",
        "period": "FY",
        "revenue": 1072000000,
        "costOfRevenue": 0,
        "grossProfit": 0,
        "grossProfitRatio": 0,
        "researchAndDevelopmentExpenses": 0,
        "generalAndAdministrativeExpenses": 1057000000,
        "sellingAndMarketingExpenses": 0,
        "sellingGeneralAndAdministrativeExpenses": 1057000000,
        "otherExpenses": 0,
        "operatingExpenses": 0,
        "costAndExpenses": 0,
        "interestIncome": 4797700000,
        "interestExpense": 3711000000,
        "depreciationAndAmortization": 0,
        "ebitda": 4181200000,
        "ebitdaratio": 3.9003731343283583,
        "operatingIncome": 0,
        "operatingIncomeRatio": 0,
        "totalOtherIncomeExpensesNet": 0,
        "incomeBeforeTax": 470200000,
        "incomeBeforeTaxRatio": 0.4386194029850746,
        "incomeTaxExpense": 199800000,
        "netIncome": 270400000,
        "netIncomeRatio": 0.25223880597014925,
        "eps": 1.69,
        "epsdiluted": 1.69,
        "weightedAverageShsOut": 148224852,
        "weightedAverageShsOutDil": 148224852,
        "link": "",
        "finalLink": ""
    },
    {
        "date": "1989-12-31",
        "symbol": "MS",
        "reportedCurrency": "USD",
        "cik": "0000895421",
        "fillingDate": "1989-12-31",
        "acceptedDate": "1989-12-30 19:00:00",
        "calendarYear": "1989",
        "period": "FY",
        "revenue": 1324200000,
        "costOfRevenue": 0,
        "grossProfit": 0,
        "grossProfitRatio": 0,
        "researchAndDevelopmentExpenses": 0,
        "generalAndAdministrativeExpenses": 1137600000,
        "sellingAndMarketingExpenses": 0,
        "sellingGeneralAndAdministrativeExpenses": 1137600000,
        "otherExpenses": 0,
        "operatingExpenses": 0,
        "costAndExpenses": 0,
        "interestIncome": 4506800000,
        "interestExpense": 3378400000,
        "depreciationAndAmortization": 0,
        "ebitda": 4116700000,
        "ebitdaratio": 3.1088204198761518,
        "operatingIncome": 0,
        "operatingIncomeRatio": 0,
        "totalOtherIncomeExpensesNet": 0,
        "incomeBeforeTax": 738300000,
        "incomeBeforeTaxRatio": 0.5575441776166742,
        "incomeTaxExpense": 295300000,
        "netIncome": 443000000,
        "netIncomeRatio": 0.3345416100286966,
        "eps": 2.81,
        "epsdiluted": 2.81,
        "weightedAverageShsOut": 151067616,
        "weightedAverageShsOutDil": 151067616,
        "link": "",
        "finalLink": ""
    },
    {
        "date": "1988-12-31",
        "symbol": "MS",
        "reportedCurrency": "USD",
        "cik": "0000895421",
        "fillingDate": "1988-12-31",
        "acceptedDate": "1988-12-30 19:00:00",
        "calendarYear": "1988",
        "period": "FY",
        "revenue": -1904700000,
        "costOfRevenue": 0,
        "grossProfit": 0,
        "grossProfitRatio": 0,
        "researchAndDevelopmentExpenses": 0,
        "generalAndAdministrativeExpenses": 0,
        "sellingAndMarketingExpenses": 0,
        "sellingGeneralAndAdministrativeExpenses": 0,
        "otherExpenses": 0,
        "operatingExpenses": 0,
        "costAndExpenses": 0,
        "interestIncome": 0,
        "interestExpense": 1904700000,
        "depreciationAndAmortization": 0,
        "ebitda": 2541200000,
        "ebitdaratio": 1.3341733606342205,
        "operatingIncome": 0,
        "operatingIncomeRatio": 0,
        "totalOtherIncomeExpensesNet": 0,
        "incomeBeforeTax": 636500000,
        "incomeBeforeTaxRatio": 0.3341733606342206,
        "incomeTaxExpense": 241900000,
        "netIncome": 394600000,
        "netIncomeRatio": 0.20717173308132514,
        "eps": 2.57,
        "epsdiluted": 2.57,
        "weightedAverageShsOut": 147704280,
        "weightedAverageShsOutDil": 147704280,
        "link": "",
        "finalLink": ""
    },
    {
        "date": "1987-12-31",
        "symbol": "MS",
        "reportedCurrency": "USD",
        "cik": "0000895421",
        "fillingDate": "1987-12-31",
        "acceptedDate": "1987-12-30 19:00:00",
        "calendarYear": "1987",
        "period": "FY",
        "revenue": 0,
        "costOfRevenue": 0,
        "grossProfit": 0,
        "grossProfitRatio": 0,
        "researchAndDevelopmentExpenses": 0,
        "generalAndAdministrativeExpenses": 0,
        "sellingAndMarketingExpenses": 0,
        "sellingGeneralAndAdministrativeExpenses": 0,
        "otherExpenses": 0,
        "operatingExpenses": 0,
        "costAndExpenses": 0,
        "interestIncome": 0,
        "interestExpense": 0,
        "depreciationAndAmortization": 0,
        "ebitda": 364200000,
        "ebitdaratio": 0,
        "operatingIncome": 0,
        "operatingIncomeRatio": 0,
        "totalOtherIncomeExpensesNet": 0,
        "incomeBeforeTax": 364200000,
        "incomeBeforeTaxRatio": 0,
        "incomeTaxExpense": 133300000,
        "netIncome": 230900000,
        "netIncomeRatio": 0,
        "eps": 1.5,
        "epsdiluted": 1.5,
        "weightedAverageShsOut": 153933333,
        "weightedAverageShsOutDil": 153933333,
        "link": "",
        "finalLink": ""
    },
    {
        "date": "1986-12-31",
        "symbol": "MS",
        "reportedCurrency": "USD",
        "cik": "0000895421",
        "fillingDate": "1986-12-31",
        "acceptedDate": "1986-12-30 19:00:00",
        "calendarYear": "1986",
        "period": "FY",
        "revenue": -1035100000,
        "costOfRevenue": 0,
        "grossProfit": 0,
        "grossProfitRatio": 0,
        "researchAndDevelopmentExpenses": 0,
        "generalAndAdministrativeExpenses": 0,
        "sellingAndMarketingExpenses": 0,
        "sellingGeneralAndAdministrativeExpenses": 0,
        "otherExpenses": 0,
        "operatingExpenses": 0,
        "costAndExpenses": 0,
        "interestIncome": 0,
        "interestExpense": 1035100000,
        "depreciationAndAmortization": 0,
        "ebitda": 1357700000,
        "ebitdaratio": 1.3116607091102308,
        "operatingIncome": 0,
        "operatingIncomeRatio": 0,
        "totalOtherIncomeExpensesNet": 0,
        "incomeBeforeTax": 322600000,
        "incomeBeforeTaxRatio": 0.3116607091102309,
        "incomeTaxExpense": 121300000,
        "netIncome": 201300000,
        "netIncomeRatio": 0.1944739638682253,
        "eps": 1.41,
        "epsdiluted": 1.41,
        "weightedAverageShsOut": 142056738,
        "weightedAverageShsOutDil": 142056738,
        "link": "",
        "finalLink": ""
    },
    {
        "date": "1985-12-31",
        "symbol": "MS",
        "reportedCurrency": "USD",
        "cik": "0000895421",
        "fillingDate": "1985-12-31",
        "acceptedDate": "1985-12-30 19:00:00",
        "calendarYear": "1985",
        "period": "FY",
        "revenue": -900200000,
        "costOfRevenue": 0,
        "grossProfit": 0,
        "grossProfitRatio": 0,
        "researchAndDevelopmentExpenses": 0,
        "generalAndAdministrativeExpenses": 0,
        "sellingAndMarketingExpenses": 0,
        "sellingGeneralAndAdministrativeExpenses": 0,
        "otherExpenses": 0,
        "operatingExpenses": 0,
        "costAndExpenses": 0,
        "interestIncome": 0,
        "interestExpense": 900200000,
        "depreciationAndAmortization": 0,
        "ebitda": 1083500000,
        "ebitdaratio": 1.203621417462786,
        "operatingIncome": 0,
        "operatingIncomeRatio": 0,
        "totalOtherIncomeExpensesNet": 0,
        "incomeBeforeTax": 183300000,
        "incomeBeforeTaxRatio": 0.20362141746278606,
        "incomeTaxExpense": 77400000,
        "netIncome": 105900000,
        "netIncomeRatio": 0.11764052432792713,
        "eps": 0.89,
        "epsdiluted": 0.89,
        "weightedAverageShsOut": 117865169,
        "weightedAverageShsOutDil": 117865169,
        "link": "",
        "finalLink": ""
    }
]