[
    {
        "date": "2022-01-02",
        "symbol": "PKI",
        "reportedCurrency": "USD",
        "cik": "0000031791",
        "fillingDate": "2022-03-03",
        "acceptedDate": "2022-03-03 10:56:05",
        "calendarYear": "2021",
        "period": "FY",
        "revenue": 5067169000,
        "costOfRevenue": 2215869000,
        "grossProfit": 2851300000,
        "grossProfitRatio": 0.5627007901256106,
        "researchAndDevelopmentExpenses": 274969000,
        "generalAndAdministrativeExpenses": 0,
        "sellingAndMarketingExpenses": 0,
        "sellingGeneralAndAdministrativeExpenses": 1227521000,
        "otherExpenses": 0,
        "operatingExpenses": 1502490000,
        "costAndExpenses": 3718359000,
        "interestIncome": 2241000,
        "interestExpense": 102128000,
        "depreciationAndAmortization": 358004000,
        "ebitda": 1739892000,
        "ebitdaratio": 0.3433656939407389,
        "operatingIncome": 1332378000,
        "operatingIncomeRatio": 0.2629432726636905,
        "totalOtherIncomeExpensesNet": -52492000,
        "incomeBeforeTax": 1279886000,
        "incomeBeforeTaxRatio": 0.2525840365695322,
        "incomeTaxExpense": 336603000,
        "netIncome": 943157000,
        "netIncomeRatio": 0.1861309539902853,
        "eps": 7.386336,
        "epsdiluted": 7.386336,
        "weightedAverageShsOut": 126241000,
        "weightedAverageShsOutDil": 126241000,
        "link": "https://www.sec.gov/Archives/edgar/data/31791/000003179122000003/0000031791-22-000003-index.htm",
        "finalLink": "https://www.sec.gov/Archives/edgar/data/31791/000003179122000003/pki-20220102.htm"
    },
    {
        "date": "2021-01-03",
        "symbol": "PKI",
        "reportedCurrency": "USD",
        "cik": "0000031791",
        "fillingDate": "2021-03-02",
        "acceptedDate": "2021-03-02 14:23:57",
        "calendarYear": "2020",
        "period": "FY",
        "revenue": 3782745000,
        "costOfRevenue": 1672868000,
        "grossProfit": 2109877000,
        "grossProfitRatio": 0.5577634759942846,
        "researchAndDevelopmentExpenses": 205389000,
        "generalAndAdministrativeExpenses": 0,
        "sellingAndMarketingExpenses": 0,
        "sellingGeneralAndAdministrativeExpenses": 917894000,
        "otherExpenses": 0,
        "operatingExpenses": 1123283000,
        "costAndExpenses": 2796151000,
        "interestIncome": 1010000,
        "interestExpense": 49712000,
        "depreciationAndAmortization": 246507000,
        "ebitda": 1202372000,
        "ebitdaratio": 0.3178570059573141,
        "operatingIncome": 978581000,
        "operatingIncomeRatio": 0.25869599986253367,
        "totalOtherIncomeExpensesNet": -72217000,
        "incomeBeforeTax": 906364000,
        "incomeBeforeTaxRatio": 0.23960483722799183,
        "incomeTaxExpense": 178266000,
        "netIncome": 727887000,
        "netIncomeRatio": 0.19242296268979273,
        "eps": 6.500472,
        "epsdiluted": 6.49,
        "weightedAverageShsOut": 112090000,
        "weightedAverageShsOutDil": 112090000,
        "link": "https://www.sec.gov/Archives/edgar/data/31791/000003179121000003/0000031791-21-000003-index.htm",
        "finalLink": "https://www.sec.gov/Archives/edgar/data/31791/000003179121000003/pki-20210103.htm"
    },
    {
        "date": "2019-12-29",
        "symbol": "PKI",
        "reportedCurrency": "USD",
        "cik": "0000031791",
        "fillingDate": "2020-02-25",
        "acceptedDate": "2020-02-25 14:15:21",
        "calendarYear": "2019",
        "period": "FY",
        "revenue": 2883673000,
        "costOfRevenue": 1487618000,
        "grossProfit": 1396055000,
        "grossProfitRatio": 0.48412389338180856,
        "researchAndDevelopmentExpenses": 189336000,
        "generalAndAdministrativeExpenses": 0,
        "sellingAndMarketingExpenses": 0,
        "sellingGeneralAndAdministrativeExpenses": 815318000,
        "otherExpenses": 0,
        "operatingExpenses": 1004654000,
        "costAndExpenses": 2492272000,
        "interestIncome": 1495000,
        "interestExpense": 63627000,
        "depreciationAndAmortization": 214025000,
        "ebitda": 514599000,
        "ebitdaratio": 0.17845261928103498,
        "operatingIncome": 361973000,
        "operatingIncomeRatio": 0.12552498150795877,
        "totalOtherIncomeExpensesNet": -124831000,
        "incomeBeforeTax": 237142000,
        "incomeBeforeTaxRatio": 0.08223609264989477,
        "incomeTaxExpense": 9389000,
        "netIncome": 227558000,
        "netIncomeRatio": 0.07891255353849067,
        "eps": 2.04749,
        "epsdiluted": 2.04,
        "weightedAverageShsOut": 111140000,
        "weightedAverageShsOutDil": 111501000,
        "link": "https://www.sec.gov/Archives/edgar/data/31791/000003179120000003/0000031791-20-000003-index.htm",
        "finalLink": "https://www.sec.gov/Archives/edgar/data/31791/000003179120000003/pki1229201910k.htm"
    },
    {
        "date": "2018-12-30",
        "symbol": "PKI",
        "reportedCurrency": "USD",
        "cik": "0000031791",
        "fillingDate": "2019-02-26",
        "acceptedDate": "2019-02-26 15:48:56",
        "calendarYear": "2018",
        "period": "FY",
        "revenue": 2777996000,
        "costOfRevenue": 1437057000,
        "grossProfit": 1340939000,
        "grossProfitRatio": 0.4827001190786452,
        "researchAndDevelopmentExpenses": 193998000,
        "generalAndAdministrativeExpenses": 0,
        "sellingAndMarketingExpenses": 0,
        "sellingGeneralAndAdministrativeExpenses": 811913000,
        "otherExpenses": 0,
        "operatingExpenses": 1005911000,
        "costAndExpenses": 2442968000,
        "interestIncome": 1141000,
        "interestExpense": 66976000,
        "depreciationAndAmortization": 180588000,
        "ebitda": 505699000,
        "ebitdaratio": 0.18203733914663664,
        "operatingIncome": 323884000,
        "operatingIncomeRatio": 0.11658908076181536,
        "totalOtherIncomeExpensesNet": -66201000,
        "incomeBeforeTax": 257683000,
        "incomeBeforeTaxRatio": 0.09275859288494295,
        "incomeTaxExpense": 20208000,
        "netIncome": 237927000,
        "netIncomeRatio": 0.08564699157234208,
        "eps": 2.151297,
        "epsdiluted": 2.13,
        "weightedAverageShsOut": 110597000,
        "weightedAverageShsOutDil": 111534000,
        "link": "https://www.sec.gov/Archives/edgar/data/31791/000003179119000003/0000031791-19-000003-index.htm",
        "finalLink": "https://www.sec.gov/Archives/edgar/data/31791/000003179119000003/pki1230201810k.htm"
    },
    {
        "date": "2017-12-31",
        "symbol": "PKI",
        "reportedCurrency": "USD",
        "cik": "0000031791",
        "fillingDate": "2018-02-27",
        "acceptedDate": "2018-02-27 14:40:20",
        "calendarYear": "2017",
        "period": "FY",
        "revenue": 2256982000,
        "costOfRevenue": 1183951000,
        "grossProfit": 1073031000,
        "grossProfitRatio": 0.47542736273483793,
        "researchAndDevelopmentExpenses": 139404000,
        "generalAndAdministrativeExpenses": 0,
        "sellingAndMarketingExpenses": 0,
        "sellingGeneralAndAdministrativeExpenses": 616167000,
        "otherExpenses": 0,
        "operatingExpenses": 755571000,
        "costAndExpenses": 1939522000,
        "interestIncome": 2571000,
        "interestExpense": 43940000,
        "depreciationAndAmortization": 105000000,
        "ebitda": 581401000,
        "ebitdaratio": 0.2576010796718804,
        "operatingIncome": 304803000,
        "operatingIncomeRatio": 0.13504892817045064,
        "totalOtherIncomeExpensesNet": -8085000,
        "incomeBeforeTax": 296718000,
        "incomeBeforeTaxRatio": 0.13146671085546982,
        "incomeTaxExpense": 139828000,
        "netIncome": 292633000,
        "netIncomeRatio": 0.12965677174208745,
        "eps": 2.651598,
        "epsdiluted": 2.64,
        "weightedAverageShsOut": 110361000,
        "weightedAverageShsOutDil": 110859000,
        "link": "https://www.sec.gov/Archives/edgar/data/31791/000003179118000004/0000031791-18-000004-index.htm",
        "finalLink": "https://www.sec.gov/Archives/edgar/data/31791/000003179118000004/pki1231201710k.htm"
    },
    {
        "date": "2017-01-01",
        "symbol": "PKI",
        "reportedCurrency": "USD",
        "cik": "0000031791",
        "fillingDate": "2017-02-28",
        "acceptedDate": "2017-02-28 14:48:49",
        "calendarYear": "2016",
        "period": "FY",
        "revenue": 2115517000,
        "costOfRevenue": 1102164000,
        "grossProfit": 1013353000,
        "grossProfitRatio": 0.4790096227068844,
        "researchAndDevelopmentExpenses": 124278000,
        "generalAndAdministrativeExpenses": 0,
        "sellingAndMarketingExpenses": 0,
        "sellingGeneralAndAdministrativeExpenses": 600885000,
        "otherExpenses": 0,
        "operatingExpenses": 725163000,
        "costAndExpenses": 1827327000,
        "interestIncome": 702000,
        "interestExpense": 41528000,
        "depreciationAndAmortization": 99972000,
        "ebitda": 404161000,
        "ebitdaratio": 0.191045971268489,
        "operatingIncome": 283066000,
        "operatingIncomeRatio": 0.1338046444438877,
        "totalOtherIncomeExpensesNet": -38998000,
        "incomeBeforeTax": 244068000,
        "incomeBeforeTaxRatio": 0.11537037991186079,
        "incomeTaxExpense": 28362000,
        "netIncome": 234299000,
        "netIncomeRatio": 0.11075259617389036,
        "eps": 2.138831,
        "epsdiluted": 2.12,
        "weightedAverageShsOut": 109617000,
        "weightedAverageShsOutDil": 110313000,
        "link": "https://www.sec.gov/Archives/edgar/data/31791/000003179117000003/0000031791-17-000003-index.htm",
        "finalLink": "https://www.sec.gov/Archives/edgar/data/31791/000003179117000003/pki0101201710k.htm"
    },
    {
        "date": "2016-01-03",
        "symbol": "PKI",
        "reportedCurrency": "USD",
        "cik": "0000031791",
        "fillingDate": "2016-03-01",
        "acceptedDate": "2016-03-01 11:34:26",
        "calendarYear": "2015",
        "period": "FY",
        "revenue": 2262359000,
        "costOfRevenue": 1237859000,
        "grossProfit": 1024500000,
        "grossProfitRatio": 0.4528459011147214,
        "researchAndDevelopmentExpenses": 125928000,
        "generalAndAdministrativeExpenses": 0,
        "sellingAndMarketingExpenses": 0,
        "sellingGeneralAndAdministrativeExpenses": 598848000,
        "otherExpenses": 0,
        "operatingExpenses": 724776000,
        "costAndExpenses": 1962635000,
        "interestIncome": 673000,
        "interestExpense": 37997000,
        "depreciationAndAmortization": 112007000,
        "ebitda": 393756000,
        "ebitdaratio": 0.17404664776898804,
        "operatingIncome": 286134000,
        "operatingIncomeRatio": 0.12647594833534379,
        "totalOtherIncomeExpensesNet": -42119000,
        "incomeBeforeTax": 244015000,
        "incomeBeforeTaxRatio": 0.1078586555007406,
        "incomeTaxExpense": 31327000,
        "netIncome": 212425000,
        "netIncomeRatio": 0.09389535436241551,
        "eps": 1.897767,
        "epsdiluted": 1.87,
        "weightedAverageShsOut": 112034000,
        "weightedAverageShsOutDil": 113315000,
        "link": "https://www.sec.gov/Archives/edgar/data/31791/000003179116000014/0000031791-16-000014-index.htm",
        "finalLink": "https://www.sec.gov/Archives/edgar/data/31791/000003179116000014/pki-0103201610k.htm"
    },
    {
        "date": "2014-12-28",
        "symbol": "PKI",
        "reportedCurrency": "USD",
        "cik": "0000031791",
        "fillingDate": "2015-02-24",
        "acceptedDate": "2015-02-24 13:43:52",
        "calendarYear": "2014",
        "period": "FY",
        "revenue": 2237219000,
        "costOfRevenue": 1232611000,
        "grossProfit": 1004608000,
        "grossProfitRatio": 0.4490432094488738,
        "researchAndDevelopmentExpenses": 121141000,
        "generalAndAdministrativeExpenses": 0,
        "sellingAndMarketingExpenses": 0,
        "sellingGeneralAndAdministrativeExpenses": 659335000,
        "otherExpenses": 0,
        "operatingExpenses": 780476000,
        "costAndExpenses": 2013087000,
        "interestIncome": 667000,
        "interestExpense": 36270000,
        "depreciationAndAmortization": 116736000,
        "ebitda": 319221000,
        "ebitdaratio": 0.1426865228661119,
        "operatingIncome": 210742000,
        "operatingIncomeRatio": 0.09419819874585367,
        "totalOtherIncomeExpensesNet": -41139000,
        "incomeBeforeTax": 169603000,
        "incomeBeforeTaxRatio": 0.07580974415110903,
        "incomeTaxExpense": 8437000,
        "netIncome": 157778000,
        "netIncomeRatio": 0.07052416415201194,
        "eps": 1.402708,
        "epsdiluted": 1.39,
        "weightedAverageShsOut": 112481000,
        "weightedAverageShsOutDil": 113739000,
        "link": "https://www.sec.gov/Archives/edgar/data/31791/000003179115000003/0000031791-15-000003-index.htm",
        "finalLink": "https://www.sec.gov/Archives/edgar/data/31791/000003179115000003/pki-1228201410k.htm"
    },
    {
        "date": "2013-12-29",
        "symbol": "PKI",
        "reportedCurrency": "USD",
        "cik": "0000031791",
        "fillingDate": "2014-02-25",
        "acceptedDate": "2014-02-25 14:11:34",
        "calendarYear": "2013",
        "period": "FY",
        "revenue": 2166232000,
        "costOfRevenue": 1189258000,
        "grossProfit": 976974000,
        "grossProfitRatio": 0.45100155477344994,
        "researchAndDevelopmentExpenses": 133023000,
        "generalAndAdministrativeExpenses": 0,
        "sellingAndMarketingExpenses": 0,
        "sellingGeneralAndAdministrativeExpenses": 585850000,
        "otherExpenses": 0,
        "operatingExpenses": 718873000,
        "costAndExpenses": 1908131000,
        "interestIncome": 650000,
        "interestExpense": 49924000,
        "depreciationAndAmortization": 128471000,
        "ebitda": 331015000,
        "ebitdaratio": 0.15280680924296197,
        "operatingIncome": 217442000,
        "operatingIncomeRatio": 0.10037798352161725,
        "totalOtherIncomeExpensesNet": -64110000,
        "incomeBeforeTax": 153332000,
        "incomeBeforeTaxRatio": 0.07078281550637236,
        "incomeTaxExpense": -14592000,
        "netIncome": 167212000,
        "netIncomeRatio": 0.07719025478342116,
        "eps": 1.463357,
        "epsdiluted": 1.45,
        "weightedAverageShsOut": 112626000,
        "weightedAverageShsOutDil": 113503000,
        "link": "https://www.sec.gov/Archives/edgar/data/31791/000144530514000585/0001445305-14-000585-index.htm",
        "finalLink": "https://www.sec.gov/Archives/edgar/data/31791/000144530514000585/pki-1229201310k.htm"
    },
    {
        "date": "2012-12-30",
        "symbol": "PKI",
        "reportedCurrency": "USD",
        "cik": "0000031791",
        "fillingDate": "2013-02-26",
        "acceptedDate": "2013-02-26 14:23:33",
        "calendarYear": "2012",
        "period": "FY",
        "revenue": 2115205000,
        "costOfRevenue": 1151999000,
        "grossProfit": 963206000,
        "grossProfitRatio": 0.4553724107119641,
        "researchAndDevelopmentExpenses": 132639000,
        "generalAndAdministrativeExpenses": 0,
        "sellingAndMarketingExpenses": 0,
        "sellingGeneralAndAdministrativeExpenses": 632734000,
        "otherExpenses": 0,
        "operatingExpenses": 765373000,
        "costAndExpenses": 1917372000,
        "interestIncome": 747000,
        "interestExpense": 45787000,
        "depreciationAndAmortization": 126865000,
        "ebitda": 224738000,
        "ebitdaratio": 0.10624880330748084,
        "operatingIncome": 98543000,
        "operatingIncomeRatio": 0.04658791937424505,
        "totalOtherIncomeExpensesNet": -47956000,
        "incomeBeforeTax": 50587000,
        "incomeBeforeTaxRatio": 0.023915885221526993,
        "incomeTaxExpense": -17854000,
        "netIncome": 69940000,
        "netIncomeRatio": 0.03306535300360958,
        "eps": 0.607984,
        "epsdiluted": 0.607984,
        "weightedAverageShsOut": 115036000,
        "weightedAverageShsOutDil": 115036000,
        "link": "https://www.sec.gov/Archives/edgar/data/31791/000144530513000333/0001445305-13-000333-index.htm",
        "finalLink": "https://www.sec.gov/Archives/edgar/data/31791/000144530513000333/pki-2012_10k.htm"
    },
    {
        "date": "2012-01-01",
        "symbol": "PKI",
        "reportedCurrency": "USD",
        "cik": "0000031791",
        "fillingDate": "2012-02-28",
        "acceptedDate": "2012-02-28 16:03:00",
        "calendarYear": "2011",
        "period": "FY",
        "revenue": 1921287000,
        "costOfRevenue": 1070708000,
        "grossProfit": 850579000,
        "grossProfitRatio": 0.4427131396818903,
        "researchAndDevelopmentExpenses": 115821000,
        "generalAndAdministrativeExpenses": 0,
        "sellingAndMarketingExpenses": 0,
        "sellingGeneralAndAdministrativeExpenses": 627172000,
        "otherExpenses": 0,
        "operatingExpenses": 742993000,
        "costAndExpenses": 1813701000,
        "interestIncome": 1884000,
        "interestExpense": 24783000,
        "depreciationAndAmortization": 110921000,
        "ebitda": 206541000,
        "ebitdaratio": 0.10750137798257106,
        "operatingIncome": 91128000,
        "operatingIncomeRatio": 0.047430706604479185,
        "totalOtherIncomeExpensesNet": -26774000,
        "incomeBeforeTax": 64354000,
        "incomeBeforeTaxRatio": 0.033495256044515996,
        "incomeTaxExpense": 63182000,
        "netIncome": 7655000,
        "netIncomeRatio": 0.003984308434918885,
        "eps": 0.06,
        "epsdiluted": 0.06,
        "weightedAverageShsOut": 113864000,
        "weightedAverageShsOutDil": 113864000,
        "link": "https://www.sec.gov/Archives/edgar/data/31791/000144530512000499/0001445305-12-000499-index.htm",
        "finalLink": "https://www.sec.gov/Archives/edgar/data/31791/000144530512000499/pki-2011_10k.htm"
    },
    {
        "date": "2011-01-02",
        "symbol": "PKI",
        "reportedCurrency": "USD",
        "cik": "0000031791",
        "fillingDate": "2011-03-01",
        "acceptedDate": "2011-03-01 12:00:14",
        "calendarYear": "2010",
        "period": "FY",
        "revenue": 1704346000,
        "costOfRevenue": 945715000,
        "grossProfit": 758631000,
        "grossProfitRatio": 0.4451156044605966,
        "researchAndDevelopmentExpenses": 95409000,
        "generalAndAdministrativeExpenses": 0,
        "sellingAndMarketingExpenses": 0,
        "sellingGeneralAndAdministrativeExpenses": 490658000,
        "otherExpenses": 0,
        "operatingExpenses": 586067000,
        "costAndExpenses": 1531782000,
        "interestIncome": 832000,
        "interestExpense": 15891000,
        "depreciationAndAmortization": 89163000,
        "ebitda": 515035000,
        "ebitdaratio": 0.3021892268353961,
        "operatingIncome": 153601000,
        "operatingIncomeRatio": 0.09012313227478458,
        "totalOtherIncomeExpensesNet": 8383000,
        "incomeBeforeTax": 161984000,
        "incomeBeforeTaxRatio": 0.09504173448349103,
        "incomeTaxExpense": 26062000,
        "netIncome": 383919000,
        "netIncomeRatio": 0.22525883828753082,
        "eps": 3.252322,
        "epsdiluted": 3.25,
        "weightedAverageShsOut": 115715000,
        "weightedAverageShsOutDil": 117982000,
        "link": "https://www.sec.gov/Archives/edgar/data/31791/000119312511051468/0001193125-11-051468-index.htm",
        "finalLink": "https://www.sec.gov/Archives/edgar/data/31791/000119312511051468/d10k.htm"
    },
    {
        "date": "2010-01-03",
        "symbol": "PKI",
        "reportedCurrency": "USD",
        "cik": "0000031791",
        "fillingDate": "2010-03-01",
        "acceptedDate": "2010-03-01 15:08:24",
        "calendarYear": "2009",
        "period": "FY",
        "revenue": 1812202000,
        "costOfRevenue": 1032408000,
        "grossProfit": 779794000,
        "grossProfitRatio": 0.43030191998463746,
        "researchAndDevelopmentExpenses": 107251000,
        "generalAndAdministrativeExpenses": 0,
        "sellingAndMarketingExpenses": 0,
        "sellingGeneralAndAdministrativeExpenses": 504699000,
        "otherExpenses": 0,
        "operatingExpenses": 611950000,
        "costAndExpenses": 1644358000,
        "interestIncome": 1035000,
        "interestExpense": 17156000,
        "depreciationAndAmortization": 91843000,
        "ebitda": 232531000,
        "ebitdaratio": 0.12831406211890287,
        "operatingIncome": 147613000,
        "operatingIncomeRatio": 0.08145504750574163,
        "totalOtherIncomeExpensesNet": -16936000,
        "incomeBeforeTax": 130677000,
        "incomeBeforeTaxRatio": 0.07210951097063131,
        "incomeTaxExpense": 37933000,
        "netIncome": 85599000,
        "netIncomeRatio": 0.047234800535481146,
        "eps": 0.733094,
        "epsdiluted": 0.73,
        "weightedAverageShsOut": 116227000,
        "weightedAverageShsOutDil": 116590000,
        "link": "https://www.sec.gov/Archives/edgar/data/31791/000119312510044544/0001193125-10-044544-index.htm",
        "finalLink": "https://www.sec.gov/Archives/edgar/data/31791/000119312510044544/d10k.htm"
    },
    {
        "date": "2008-12-28",
        "symbol": "PKI",
        "reportedCurrency": "USD",
        "cik": "0000031791",
        "fillingDate": "2009-02-26",
        "acceptedDate": "2009-02-26 16:34:18",
        "calendarYear": "2008",
        "period": "FY",
        "revenue": 1937465000,
        "costOfRevenue": 1107360000,
        "grossProfit": 830105000,
        "grossProfitRatio": 0.4284490300469944,
        "researchAndDevelopmentExpenses": 108062000,
        "generalAndAdministrativeExpenses": 0,
        "sellingAndMarketingExpenses": 0,
        "sellingGeneralAndAdministrativeExpenses": 522883000,
        "otherExpenses": 0,
        "operatingExpenses": 630945000,
        "costAndExpenses": 1738305000,
        "interestIncome": 0,
        "interestExpense": 0,
        "depreciationAndAmortization": 88307000,
        "ebitda": 235932000,
        "ebitdaratio": 0.12177355461905118,
        "operatingIncome": 192970000,
        "operatingIncomeRatio": 0.09959921856652894,
        "totalOtherIncomeExpensesNet": -45609000,
        "incomeBeforeTax": 147361000,
        "incomeBeforeTaxRatio": 0.07605866428554839,
        "incomeTaxExpense": 21216000,
        "netIncome": 126409000,
        "netIncomeRatio": 0.06524453344963652,
        "eps": 1.07,
        "epsdiluted": 1.07,
        "weightedAverageShsOut": 117659000,
        "weightedAverageShsOutDil": 118687000,
        "link": "https://www.sec.gov/Archives/edgar/data/31791/000119312509039117/0001193125-09-039117-index.htm",
        "finalLink": "https://www.sec.gov/Archives/edgar/data/31791/000119312509039117/d10k.htm"
    },
    {
        "date": "2007-12-30",
        "symbol": "PKI",
        "reportedCurrency": "USD",
        "cik": "0000031791",
        "fillingDate": "2008-02-28",
        "acceptedDate": "2008-02-28 17:08:44",
        "calendarYear": "2007",
        "period": "FY",
        "revenue": 1787331000,
        "costOfRevenue": 1062591000,
        "grossProfit": 724740000,
        "grossProfitRatio": 0.40548728802891015,
        "researchAndDevelopmentExpenses": 111619000,
        "generalAndAdministrativeExpenses": 0,
        "sellingAndMarketingExpenses": 0,
        "sellingGeneralAndAdministrativeExpenses": 444412000,
        "otherExpenses": -15346000,
        "operatingExpenses": 540685000,
        "costAndExpenses": 1603276000,
        "interestIncome": 0,
        "interestExpense": 0,
        "depreciationAndAmortization": 80832000,
        "ebitda": 229973000,
        "ebitdaratio": 0.12866838878752732,
        "operatingIncome": 168166000,
        "operatingIncomeRatio": 0.09408777669049549,
        "totalOtherIncomeExpensesNet": -16877000,
        "incomeBeforeTax": 151289000,
        "incomeBeforeTaxRatio": 0.08464520561664292,
        "incomeTaxExpense": 17455000,
        "netIncome": 131686000,
        "netIncomeRatio": 0.07367745537899807,
        "eps": 1.11,
        "epsdiluted": 1.09,
        "weightedAverageShsOut": 118636036,
        "weightedAverageShsOutDil": 120812844,
        "link": "https://www.sec.gov/Archives/edgar/data/31791/000119312508041972/0001193125-08-041972-index.htm",
        "finalLink": "https://www.sec.gov/Archives/edgar/data/31791/000119312508041972/d10k.htm"
    },
    {
        "date": "2006-12-31",
        "symbol": "PKI",
        "reportedCurrency": "USD",
        "cik": "0000031791",
        "fillingDate": "2007-03-01",
        "acceptedDate": "2007-03-01 14:55:06",
        "calendarYear": "2006",
        "period": "FY",
        "revenue": 1546358000,
        "costOfRevenue": 918287000,
        "grossProfit": 628071000,
        "grossProfitRatio": 0.40616144515047614,
        "researchAndDevelopmentExpenses": 99719000,
        "generalAndAdministrativeExpenses": 0,
        "sellingAndMarketingExpenses": 0,
        "sellingGeneralAndAdministrativeExpenses": 376849000,
        "otherExpenses": 1741000,
        "operatingExpenses": 478309000,
        "costAndExpenses": 1396596000,
        "interestIncome": 0,
        "interestExpense": 0,
        "depreciationAndAmortization": 69476000,
        "ebitda": 221471000,
        "ebitdaratio": 0.14322103937121936,
        "operatingIncome": 153402000,
        "operatingIncomeRatio": 0.0992021252517205,
        "totalOtherIncomeExpensesNet": -2666000,
        "incomeBeforeTax": 150736000,
        "incomeBeforeTaxRatio": 0.09747807428810146,
        "incomeTaxExpense": 32412000,
        "netIncome": 119583000,
        "netIncomeRatio": 0.07733202790039564,
        "eps": 0.96,
        "epsdiluted": 0.95,
        "weightedAverageShsOut": 124565625,
        "weightedAverageShsOutDil": 125876842,
        "link": "https://www.sec.gov/Archives/edgar/data/31791/000119312507044201/0001193125-07-044201-index.htm",
        "finalLink": "https://www.sec.gov/Archives/edgar/data/31791/000119312507044201/d10k.htm"
    },
    {
        "date": "2006-01-01",
        "symbol": "PKI",
        "reportedCurrency": "USD",
        "cik": "0000031791",
        "fillingDate": "2006-03-17",
        "acceptedDate": "2006-03-17 15:31:42",
        "calendarYear": "2005",
        "period": "FY",
        "revenue": 1473831000,
        "costOfRevenue": 859295000,
        "grossProfit": 614536000,
        "grossProfitRatio": 0.416965038732392,
        "researchAndDevelopmentExpenses": 87371000,
        "generalAndAdministrativeExpenses": 0,
        "sellingAndMarketingExpenses": 0,
        "sellingGeneralAndAdministrativeExpenses": 365457000,
        "otherExpenses": -1502000,
        "operatingExpenses": 451326000,
        "costAndExpenses": 1310621000,
        "interestIncome": 0,
        "interestExpense": 0,
        "depreciationAndAmortization": 124383000,
        "ebitda": 392619000,
        "ebitdaratio": 0.2663935010187735,
        "operatingIncome": 140951000,
        "operatingIncomeRatio": 0.09563579542023475,
        "totalOtherIncomeExpensesNet": -74291000,
        "incomeBeforeTax": 66660000,
        "incomeBeforeTaxRatio": 0.04522906629050413,
        "incomeTaxExpense": 128000,
        "netIncome": 268108000,
        "netIncomeRatio": 0.18191230880609785,
        "eps": 2.07,
        "epsdiluted": 2.04,
        "weightedAverageShsOut": 129520773,
        "weightedAverageShsOutDil": 131425490,
        "link": "https://www.sec.gov/Archives/edgar/data/31791/000119312506058022/0001193125-06-058022-index.htm",
        "finalLink": "https://www.sec.gov/Archives/edgar/data/31791/000119312506058022/d10k.htm"
    },
    {
        "date": "2005-01-02",
        "symbol": "PKI",
        "reportedCurrency": "USD",
        "cik": "0000031791",
        "fillingDate": "2005-03-11",
        "acceptedDate": "2005-03-11 17:17:09",
        "calendarYear": "2004",
        "period": "FY",
        "revenue": 1687231000,
        "costOfRevenue": 1006678000,
        "grossProfit": 680553000,
        "grossProfitRatio": 0.4033549644358123,
        "researchAndDevelopmentExpenses": 87050000,
        "generalAndAdministrativeExpenses": 0,
        "sellingAndMarketingExpenses": 0,
        "sellingGeneralAndAdministrativeExpenses": 387543000,
        "otherExpenses": 28890000,
        "operatingExpenses": 503483000,
        "costAndExpenses": 1510161000,
        "interestIncome": 0,
        "interestExpense": 0,
        "depreciationAndAmortization": 84340000,
        "ebitda": 218878000,
        "ebitdaratio": 0.1297261607924463,
        "operatingIncome": 177070000,
        "operatingIncomeRatio": 0.10494709971545094,
        "totalOtherIncomeExpensesNet": -40323000,
        "incomeBeforeTax": 136747000,
        "incomeBeforeTaxRatio": 0.08104817893933908,
        "incomeTaxExpense": 38495000,
        "netIncome": 96043000,
        "netIncomeRatio": 0.05692344438906113,
        "eps": 0.75,
        "epsdiluted": 0.74,
        "weightedAverageShsOut": 128057333,
        "weightedAverageShsOutDil": 129787838,
        "link": "https://www.sec.gov/Archives/edgar/data/31791/000119312505048036/0001193125-05-048036-index.htm",
        "finalLink": "https://www.sec.gov/Archives/edgar/data/31791/000119312505048036/d10k.htm"
    },
    {
        "date": "2003-12-28",
        "symbol": "PKI",
        "reportedCurrency": "USD",
        "cik": "0000031791",
        "fillingDate": "2004-03-12",
        "acceptedDate": "2004-03-12 15:36:47",
        "calendarYear": "2003",
        "period": "FY",
        "revenue": 1535222000,
        "costOfRevenue": 906269000,
        "grossProfit": 628953000,
        "grossProfitRatio": 0.40968211763510426,
        "researchAndDevelopmentExpenses": 83145000,
        "generalAndAdministrativeExpenses": 0,
        "sellingAndMarketingExpenses": 0,
        "sellingGeneralAndAdministrativeExpenses": 386404000,
        "otherExpenses": 25672000,
        "operatingExpenses": 495221000,
        "costAndExpenses": 1401490000,
        "interestIncome": 0,
        "interestExpense": 0,
        "depreciationAndAmortization": 89781000,
        "ebitda": 168611000,
        "ebitdaratio": 0.10982841569492881,
        "operatingIncome": 137271000,
        "operatingIncomeRatio": 0.08941442996517768,
        "totalOtherIncomeExpensesNet": -56387000,
        "incomeBeforeTax": 80884000,
        "incomeBeforeTaxRatio": 0.05268553994145472,
        "incomeTaxExpense": 25871000,
        "netIncome": 52959000,
        "netIncomeRatio": 0.034495988202357705,
        "eps": 0.42,
        "epsdiluted": 0.41,
        "weightedAverageShsOut": 126092857,
        "weightedAverageShsOutDil": 129168293,
        "link": "https://www.sec.gov/Archives/edgar/data/31791/000095013504001251/0000950135-04-001251-index.htm",
        "finalLink": "https://www.sec.gov/Archives/edgar/data/31791/000095013504001251/b49033pee10vk.htm"
    },
    {
        "date": "2002-12-29",
        "symbol": "PKI",
        "reportedCurrency": "USD",
        "cik": "0000031791",
        "fillingDate": "2003-03-18",
        "acceptedDate": "2003-03-18 14:17:04",
        "calendarYear": "2002",
        "period": "FY",
        "revenue": 1504981000,
        "costOfRevenue": 904100000,
        "grossProfit": 600881000,
        "grossProfitRatio": 0.39926151891618566,
        "researchAndDevelopmentExpenses": 86451000,
        "generalAndAdministrativeExpenses": 0,
        "sellingAndMarketingExpenses": 0,
        "sellingGeneralAndAdministrativeExpenses": 431304000,
        "otherExpenses": 23110000,
        "operatingExpenses": 540865000,
        "costAndExpenses": 1444965000,
        "interestIncome": 0,
        "interestExpense": 0,
        "depreciationAndAmortization": 96111000,
        "ebitda": -60242000,
        "ebitdaratio": -0.04002841231882662,
        "operatingIncome": 24318000,
        "operatingIncomeRatio": 0.016158343527260477,
        "totalOtherIncomeExpensesNet": -32868000,
        "incomeBeforeTax": -8550000,
        "incomeBeforeTaxRatio": -0.0056811348448917295,
        "incomeTaxExpense": -4415000,
        "netIncome": -151938000,
        "netIncomeRatio": -0.10095675626469702,
        "eps": -1.21,
        "epsdiluted": -1.21,
        "weightedAverageShsOut": 125568595,
        "weightedAverageShsOutDil": 125568595,
        "link": "https://www.sec.gov/Archives/edgar/data/31791/000095013503001805/0000950135-03-001805-index.htm",
        "finalLink": "https://www.sec.gov/Archives/edgar/data/31791/000095013503001805/b45527pke10vk.htm"
    },
    {
        "date": "2001-12-31",
        "symbol": "PKI",
        "reportedCurrency": "USD",
        "cik": "0000031791",
        "fillingDate": "2002-03-28",
        "acceptedDate": "2002-03-28 00:00:00",
        "calendarYear": "2001",
        "period": "FY",
        "revenue": 1330054000,
        "costOfRevenue": 721725000,
        "grossProfit": 608329000,
        "grossProfitRatio": 0.457371655586916,
        "researchAndDevelopmentExpenses": 81315000,
        "generalAndAdministrativeExpenses": 0,
        "sellingAndMarketingExpenses": 0,
        "sellingGeneralAndAdministrativeExpenses": 411145000,
        "otherExpenses": 0,
        "operatingExpenses": 492460000,
        "costAndExpenses": 1214185000,
        "interestIncome": 0,
        "interestExpense": 0,
        "depreciationAndAmortization": 84259000,
        "ebitda": 153538000,
        "ebitdaratio": 0.11543741833038358,
        "operatingIncome": 37329000,
        "operatingIncomeRatio": 0.02806577778045102,
        "totalOtherIncomeExpensesNet": -3175000,
        "incomeBeforeTax": 34154000,
        "incomeBeforeTaxRatio": 0.025678656656045545,
        "incomeTaxExpense": 34774000,
        "netIncome": 34505000,
        "netIncomeRatio": 0.025942555715782967,
        "eps": 0.33,
        "epsdiluted": 0.33,
        "weightedAverageShsOut": 104560606,
        "weightedAverageShsOutDil": 104560606,
        "link": "https://www.sec.gov/Archives/edgar/data/31791/000095013502001706/0000950135-02-001706-index.htm",
        "finalLink": "https://www.sec.gov/Archives/edgar/data/31791/000095013502001706/b42224pee10-k.htm"
    },
    {
        "date": "2000-12-31",
        "symbol": "PKI",
        "reportedCurrency": "USD",
        "cik": "0000031791",
        "fillingDate": "2001-03-26",
        "acceptedDate": "2001-03-26 00:00:00",
        "calendarYear": "2000",
        "period": "FY",
        "revenue": 1695267000,
        "costOfRevenue": 918427000,
        "grossProfit": 776840000,
        "grossProfitRatio": 0.4582405013487551,
        "researchAndDevelopmentExpenses": 86117000,
        "generalAndAdministrativeExpenses": 0,
        "sellingAndMarketingExpenses": 0,
        "sellingGeneralAndAdministrativeExpenses": 418979000,
        "otherExpenses": 87715000,
        "operatingExpenses": 592811000,
        "costAndExpenses": 1511238000,
        "interestIncome": 0,
        "interestExpense": 0,
        "depreciationAndAmortization": 87715000,
        "ebitda": 236657000,
        "ebitdaratio": 0.139598659090279,
        "operatingIncome": 184029000,
        "operatingIncomeRatio": 0.1085545816676665,
        "totalOtherIncomeExpensesNet": -39540000,
        "incomeBeforeTax": 144489000,
        "incomeBeforeTaxRatio": 0.08523082204750049,
        "incomeTaxExpense": 58422000,
        "netIncome": 90520000,
        "netIncomeRatio": 0.053395718786480244,
        "eps": 0.92,
        "epsdiluted": 0.885,
        "weightedAverageShsOut": 98391304,
        "weightedAverageShsOutDil": 102282486,
        "link": "https://www.sec.gov/Archives/edgar/data/31791/000095013501000920/0000950135-01-000920-index.htm",
        "finalLink": "https://www.sec.gov/Archives/edgar/data/31791/000095013501000920/b38210pee10-k405.txt"
    },
    {
        "date": "2000-01-02",
        "symbol": "PKI",
        "reportedCurrency": "USD",
        "cik": "0000031791",
        "fillingDate": "2000-01-02",
        "acceptedDate": "2000-01-01 19:00:00",
        "calendarYear": "1999",
        "period": "FY",
        "revenue": 1363100000,
        "costOfRevenue": 787300000,
        "grossProfit": 575800000,
        "grossProfitRatio": 0.4224194849974323,
        "researchAndDevelopmentExpenses": 71200000,
        "generalAndAdministrativeExpenses": 0,
        "sellingAndMarketingExpenses": 0,
        "sellingGeneralAndAdministrativeExpenses": 327100000,
        "otherExpenses": 66100000,
        "operatingExpenses": 464400000,
        "costAndExpenses": 1251700000,
        "interestIncome": 0,
        "interestExpense": 0,
        "depreciationAndAmortization": 66100000,
        "ebitda": 236900000,
        "ebitdaratio": 0.17379502604357713,
        "operatingIncome": 111400000,
        "operatingIncomeRatio": 0.08172547868828406,
        "totalOtherIncomeExpensesNet": -66500000,
        "incomeBeforeTax": 44900000,
        "incomeBeforeTaxRatio": 0.032939622918347886,
        "incomeTaxExpense": 16500000,
        "netIncome": 154300000,
        "netIncomeRatio": 0.11319785782407747,
        "eps": 1.695,
        "epsdiluted": 1.655,
        "weightedAverageShsOut": 91032448,
        "weightedAverageShsOutDil": 93232628,
        "link": "",
        "finalLink": ""
    },
    {
        "date": "1999-01-03",
        "symbol": "PKI",
        "reportedCurrency": "USD",
        "cik": "0000031791",
        "fillingDate": "1999-01-03",
        "acceptedDate": "1999-01-02 19:00:00",
        "calendarYear": "1998",
        "period": "FY",
        "revenue": 1407900000,
        "costOfRevenue": 991300000,
        "grossProfit": 416600000,
        "grossProfitRatio": 0.2959016975637474,
        "researchAndDevelopmentExpenses": 46000000,
        "generalAndAdministrativeExpenses": 0,
        "sellingAndMarketingExpenses": 0,
        "sellingGeneralAndAdministrativeExpenses": 226300000,
        "otherExpenses": 50400000,
        "operatingExpenses": 322700000,
        "costAndExpenses": 1314000000,
        "interestIncome": 0,
        "interestExpense": 0,
        "depreciationAndAmortization": 50400000,
        "ebitda": 206400000,
        "ebitdaratio": 0.14660132111655658,
        "operatingIncome": 93900000,
        "operatingIncomeRatio": 0.06669507777541019,
        "totalOtherIncomeExpensesNet": 62100000,
        "incomeBeforeTax": 156000000,
        "incomeBeforeTaxRatio": 0.11080332409972299,
        "incomeTaxExpense": 54000000,
        "netIncome": 102000000,
        "netIncomeRatio": 0.07244832729597273,
        "eps": 1.125,
        "epsdiluted": 1.11,
        "weightedAverageShsOut": 90666667,
        "weightedAverageShsOutDil": 91891892,
        "link": "",
        "finalLink": ""
    },
    {
        "date": "1997-12-28",
        "symbol": "PKI",
        "reportedCurrency": "USD",
        "cik": "0000031791",
        "fillingDate": "1998-03-24",
        "acceptedDate": "1998-03-24 00:00:00",
        "calendarYear": "1997",
        "period": "FY",
        "revenue": 1460800000,
        "costOfRevenue": 1040100000,
        "grossProfit": 420700000,
        "grossProfitRatio": 0.28799288061336253,
        "researchAndDevelopmentExpenses": 44900000,
        "generalAndAdministrativeExpenses": 0,
        "sellingAndMarketingExpenses": 0,
        "sellingGeneralAndAdministrativeExpenses": 243400000,
        "otherExpenses": 44600000,
        "operatingExpenses": 332900000,
        "costAndExpenses": 1373000000,
        "interestIncome": 0,
        "interestExpense": 0,
        "depreciationAndAmortization": 44600000,
        "ebitda": 101600000,
        "ebitdaratio": 0.06955093099671412,
        "operatingIncome": 87800000,
        "operatingIncomeRatio": 0.060104052573932094,
        "totalOtherIncomeExpensesNet": -33800000,
        "incomeBeforeTax": 54000000,
        "incomeBeforeTaxRatio": 0.03696604600219058,
        "incomeTaxExpense": 23400000,
        "netIncome": 33600000,
        "netIncomeRatio": 0.023001095290251915,
        "eps": 0.37,
        "epsdiluted": 0.37,
        "weightedAverageShsOut": 90810811,
        "weightedAverageShsOutDil": 91428571,
        "link": "https://www.sec.gov/Archives/edgar/data/31791/000095013598001768/0000950135-98-001768-index.html",
        "finalLink": "https://www.sec.gov/Archives/edgar/data/31791/0000950135-98-001768.txt"
    },
    {
        "date": "1996-12-31",
        "symbol": "PKI",
        "reportedCurrency": "USD",
        "cik": "0000031791",
        "fillingDate": "1996-12-31",
        "acceptedDate": "1996-12-30 19:00:00",
        "calendarYear": "1996",
        "period": "FY",
        "revenue": 1427300000,
        "costOfRevenue": 1007800000,
        "grossProfit": 419500000,
        "grossProfitRatio": 0.29391158130736356,
        "researchAndDevelopmentExpenses": 0,
        "generalAndAdministrativeExpenses": 0,
        "sellingAndMarketingExpenses": 0,
        "sellingGeneralAndAdministrativeExpenses": 290900000,
        "otherExpenses": 40900000,
        "operatingExpenses": 331800000,
        "costAndExpenses": 1339600000,
        "interestIncome": 0,
        "interestExpense": 0,
        "depreciationAndAmortization": 40900000,
        "ebitda": 127000000,
        "ebitdaratio": 0.08897919148041757,
        "operatingIncome": 87700000,
        "operatingIncomeRatio": 0.0614446857703356,
        "totalOtherIncomeExpensesNet": -7300000,
        "incomeBeforeTax": 80400000,
        "incomeBeforeTaxRatio": 0.056330133819099,
        "incomeTaxExpense": 25900000,
        "netIncome": 60200000,
        "netIncomeRatio": 0.042177538008827856,
        "eps": 0.635,
        "epsdiluted": 0.635,
        "weightedAverageShsOut": 94803150,
        "weightedAverageShsOutDil": 94803150,
        "link": "",
        "finalLink": ""
    },
    {
        "date": "1995-12-31",
        "symbol": "PKI",
        "reportedCurrency": "USD",
        "cik": "0000031791",
        "fillingDate": "1996-03-22",
        "acceptedDate": "1996-03-22 00:00:00",
        "calendarYear": "1995",
        "period": "FY",
        "revenue": 1419600000,
        "costOfRevenue": 1012600000,
        "grossProfit": 407000000,
        "grossProfitRatio": 0.2867004790081713,
        "researchAndDevelopmentExpenses": 0,
        "generalAndAdministrativeExpenses": 0,
        "sellingAndMarketingExpenses": 0,
        "sellingGeneralAndAdministrativeExpenses": 284900000,
        "otherExpenses": 39400000,
        "operatingExpenses": 324300000,
        "costAndExpenses": 1336900000,
        "interestIncome": 0,
        "interestExpense": 0,
        "depreciationAndAmortization": 39400000,
        "ebitda": 139200000,
        "ebitdaratio": 0.09805579036348266,
        "operatingIncome": 82700000,
        "operatingIncomeRatio": 0.05825584671738518,
        "totalOtherIncomeExpensesNet": 3400000,
        "incomeBeforeTax": 86100000,
        "incomeBeforeTaxRatio": 0.060650887573964495,
        "incomeTaxExpense": 31800000,
        "netIncome": 68000000,
        "netIncomeRatio": 0.047900817131586365,
        "eps": 0.66,
        "epsdiluted": 0.66,
        "weightedAverageShsOut": 103030303,
        "weightedAverageShsOutDil": 105977011,
        "link": "https://www.sec.gov/Archives/edgar/data/31791/000003179196000004/0000031791-96-000004-index.html",
        "finalLink": "https://www.sec.gov/Archives/edgar/data/31791/0000031791-96-000004.txt"
    },
    {
        "date": "1995-01-01",
        "symbol": "PKI",
        "reportedCurrency": "USD",
        "cik": "0000031791",
        "fillingDate": "1995-04-03",
        "acceptedDate": "1995-04-03 00:00:00",
        "calendarYear": "1994",
        "period": "FY",
        "revenue": 1332600000,
        "costOfRevenue": 957800000,
        "grossProfit": 374800000,
        "grossProfitRatio": 0.28125469007954373,
        "researchAndDevelopmentExpenses": 0,
        "generalAndAdministrativeExpenses": 0,
        "sellingAndMarketingExpenses": 0,
        "sellingGeneralAndAdministrativeExpenses": 278200000,
        "otherExpenses": 36800000,
        "operatingExpenses": 315000000,
        "costAndExpenses": 1272800000,
        "interestIncome": 0,
        "interestExpense": 0,
        "depreciationAndAmortization": 36800000,
        "ebitda": 46200000,
        "ebitdaratio": 0.03466906798739307,
        "operatingIncome": 59800000,
        "operatingIncomeRatio": 0.04487468107459103,
        "totalOtherIncomeExpensesNet": -76900000,
        "incomeBeforeTax": -17100000,
        "incomeBeforeTaxRatio": -0.012832057631697433,
        "incomeTaxExpense": 15000000,
        "netIncome": -5600000,
        "netIncomeRatio": -0.00420231127119916,
        "eps": -0.05,
        "epsdiluted": -0.05,
        "weightedAverageShsOut": 112000000,
        "weightedAverageShsOutDil": 112000000,
        "link": "https://www.sec.gov/Archives/edgar/data/31791/000003179195000012/0000031791-95-000012-index.html",
        "finalLink": "https://www.sec.gov/Archives/edgar/data/31791/0000031791-95-000012.txt"
    },
    {
        "date": "1993-12-31",
        "symbol": "PKI",
        "reportedCurrency": "USD",
        "cik": "0000031791",
        "fillingDate": "1993-12-31",
        "acceptedDate": "1993-12-30 19:00:00",
        "calendarYear": "1993",
        "period": "FY",
        "revenue": 2697900000,
        "costOfRevenue": 2304700000,
        "grossProfit": 393200000,
        "grossProfitRatio": 0.1457429852848512,
        "researchAndDevelopmentExpenses": 0,
        "generalAndAdministrativeExpenses": 0,
        "sellingAndMarketingExpenses": 0,
        "sellingGeneralAndAdministrativeExpenses": 234600000,
        "otherExpenses": 37800000,
        "operatingExpenses": 272400000,
        "costAndExpenses": 2577100000,
        "interestIncome": 0,
        "interestExpense": 0,
        "depreciationAndAmortization": 37800000,
        "ebitda": 139200000,
        "ebitdaratio": 0.051595685533192485,
        "operatingIncome": 120800000,
        "operatingIncomeRatio": 0.04477556618110382,
        "totalOtherIncomeExpensesNet": 1100000,
        "incomeBeforeTax": 121900000,
        "incomeBeforeTaxRatio": 0.045183290707587385,
        "incomeTaxExpense": 42300000,
        "netIncome": 59100000,
        "netIncomeRatio": 0.021905926831980428,
        "eps": 0.525,
        "epsdiluted": 0.525,
        "weightedAverageShsOut": 112571429,
        "weightedAverageShsOutDil": 112571429,
        "link": "",
        "finalLink": ""
    },
    {
        "date": "1992-12-31",
        "symbol": "PKI",
        "reportedCurrency": "USD",
        "cik": "0000031791",
        "fillingDate": "1992-12-31",
        "acceptedDate": "1992-12-30 19:00:00",
        "calendarYear": "1992",
        "period": "FY",
        "revenue": 2788800000,
        "costOfRevenue": 2387300000,
        "grossProfit": 401500000,
        "grossProfitRatio": 0.14396873207114172,
        "researchAndDevelopmentExpenses": 0,
        "generalAndAdministrativeExpenses": 0,
        "sellingAndMarketingExpenses": 0,
        "sellingGeneralAndAdministrativeExpenses": 242000000,
        "otherExpenses": 36300000,
        "operatingExpenses": 278300000,
        "costAndExpenses": 2665600000,
        "interestIncome": 0,
        "interestExpense": 0,
        "depreciationAndAmortization": 36300000,
        "ebitda": 157400000,
        "ebitdaratio": 0.056440045897877225,
        "operatingIncome": 123200000,
        "operatingIncomeRatio": 0.04417670682730924,
        "totalOtherIncomeExpensesNet": -2100000,
        "incomeBeforeTax": 121100000,
        "incomeBeforeTaxRatio": 0.043423694779116465,
        "incomeTaxExpense": 33300000,
        "netIncome": 87800000,
        "netIncomeRatio": 0.03148307515777395,
        "eps": 0.78,
        "epsdiluted": 0.78,
        "weightedAverageShsOut": 112564103,
        "weightedAverageShsOutDil": 112564103,
        "link": "",
        "finalLink": ""
    },
    {
        "date": "1991-12-31",
        "symbol": "PKI",
        "reportedCurrency": "USD",
        "cik": "0000031791",
        "fillingDate": "1991-12-31",
        "acceptedDate": "1991-12-30 19:00:00",
        "calendarYear": "1991",
        "period": "FY",
        "revenue": 2688500000,
        "costOfRevenue": 2306500000,
        "grossProfit": 382000000,
        "grossProfitRatio": 0.14208666542681792,
        "researchAndDevelopmentExpenses": 0,
        "generalAndAdministrativeExpenses": 0,
        "sellingAndMarketingExpenses": 0,
        "sellingGeneralAndAdministrativeExpenses": 223100000,
        "otherExpenses": 33700000,
        "operatingExpenses": 256800000,
        "costAndExpenses": 2563300000,
        "interestIncome": 0,
        "interestExpense": 0,
        "depreciationAndAmortization": 33700000,
        "ebitda": 154000000,
        "ebitdaratio": 0.05728101171657058,
        "operatingIncome": 125200000,
        "operatingIncomeRatio": 0.04656871861632881,
        "totalOtherIncomeExpensesNet": -4900000,
        "incomeBeforeTax": 120300000,
        "incomeBeforeTaxRatio": 0.04474614097080156,
        "incomeTaxExpense": 39100000,
        "netIncome": 81200000,
        "netIncomeRatio": 0.030202715268737215,
        "eps": 0.73,
        "epsdiluted": 0.73,
        "weightedAverageShsOut": 111232877,
        "weightedAverageShsOutDil": 111232877,
        "link": "",
        "finalLink": ""
    },
    {
        "date": "1990-12-31",
        "symbol": "PKI",
        "reportedCurrency": "USD",
        "cik": "0000031791",
        "fillingDate": "1990-12-31",
        "acceptedDate": "1990-12-30 19:00:00",
        "calendarYear": "1990",
        "period": "FY",
        "revenue": 2474300000,
        "costOfRevenue": 2140800000,
        "grossProfit": 333500000,
        "grossProfitRatio": 0.13478559592612052,
        "researchAndDevelopmentExpenses": 0,
        "generalAndAdministrativeExpenses": 0,
        "sellingAndMarketingExpenses": 0,
        "sellingGeneralAndAdministrativeExpenses": 195900000,
        "otherExpenses": 29900000,
        "operatingExpenses": 225800000,
        "costAndExpenses": 2366600000,
        "interestIncome": 0,
        "interestExpense": 0,
        "depreciationAndAmortization": 29900000,
        "ebitda": 137100000,
        "ebitdaratio": 0.05540961079901386,
        "operatingIncome": 107700000,
        "operatingIncomeRatio": 0.043527462312573255,
        "totalOtherIncomeExpensesNet": -500000,
        "incomeBeforeTax": 107200000,
        "incomeBeforeTaxRatio": 0.04332538495736168,
        "incomeTaxExpense": 33200000,
        "netIncome": 74000000,
        "netIncomeRatio": 0.029907448571313097,
        "eps": 0.65,
        "epsdiluted": 0.65,
        "weightedAverageShsOut": 113846154,
        "weightedAverageShsOutDil": 113846154,
        "link": "",
        "finalLink": ""
    },
    {
        "date": "1989-12-31",
        "symbol": "PKI",
        "reportedCurrency": "USD",
        "cik": "0000031791",
        "fillingDate": "1989-12-31",
        "acceptedDate": "1989-12-30 19:00:00",
        "calendarYear": "1989",
        "period": "FY",
        "revenue": 1650200000,
        "costOfRevenue": 1346400000,
        "grossProfit": 303800000,
        "grossProfitRatio": 0.1840988971033814,
        "researchAndDevelopmentExpenses": 0,
        "generalAndAdministrativeExpenses": 0,
        "sellingAndMarketingExpenses": 0,
        "sellingGeneralAndAdministrativeExpenses": 179900000,
        "otherExpenses": 25500000,
        "operatingExpenses": 205400000,
        "costAndExpenses": 1551800000,
        "interestIncome": 0,
        "interestExpense": 0,
        "depreciationAndAmortization": 25500000,
        "ebitda": 125300000,
        "ebitdaratio": 0.07593019027996606,
        "operatingIncome": 98400000,
        "operatingIncomeRatio": 0.059629135862319715,
        "totalOtherIncomeExpensesNet": 1400000,
        "incomeBeforeTax": 99800000,
        "incomeBeforeTaxRatio": 0.06047751787662101,
        "incomeTaxExpense": 29900000,
        "netIncome": 69900000,
        "netIncomeRatio": 0.0423585019997576,
        "eps": 0.6,
        "epsdiluted": 0.6,
        "weightedAverageShsOut": 116500000,
        "weightedAverageShsOutDil": 116500000,
        "link": "",
        "finalLink": ""
    },
    {
        "date": "1988-12-31",
        "symbol": "PKI",
        "reportedCurrency": "USD",
        "cik": "0000031791",
        "fillingDate": "1988-12-31",
        "acceptedDate": "1988-12-30 19:00:00",
        "calendarYear": "1988",
        "period": "FY",
        "revenue": 1406300000,
        "costOfRevenue": 1114300000,
        "grossProfit": 292000000,
        "grossProfitRatio": 0.20763706179335845,
        "researchAndDevelopmentExpenses": 0,
        "generalAndAdministrativeExpenses": 0,
        "sellingAndMarketingExpenses": 0,
        "sellingGeneralAndAdministrativeExpenses": 169300000,
        "otherExpenses": 24600000,
        "operatingExpenses": 193900000,
        "costAndExpenses": 1308200000,
        "interestIncome": 0,
        "interestExpense": 0,
        "depreciationAndAmortization": 24600000,
        "ebitda": 122000000,
        "ebitdaratio": 0.08675247102325251,
        "operatingIncome": 98100000,
        "operatingIncomeRatio": 0.06975751973263172,
        "totalOtherIncomeExpensesNet": -700000,
        "incomeBeforeTax": 97400000,
        "incomeBeforeTaxRatio": 0.06925975965299011,
        "incomeTaxExpense": 28700000,
        "netIncome": 68700000,
        "netIncomeRatio": 0.04885159638768399,
        "eps": 0.575,
        "epsdiluted": 0.575,
        "weightedAverageShsOut": 119478261,
        "weightedAverageShsOutDil": 119478261,
        "link": "",
        "finalLink": ""
    },
    {
        "date": "1987-12-31",
        "symbol": "PKI",
        "reportedCurrency": "USD",
        "cik": "0000031791",
        "fillingDate": "1987-12-31",
        "acceptedDate": "1987-12-30 19:00:00",
        "calendarYear": "1987",
        "period": "FY",
        "revenue": 1235900000,
        "costOfRevenue": 984000000,
        "grossProfit": 251900000,
        "grossProfitRatio": 0.2038190792135286,
        "researchAndDevelopmentExpenses": 0,
        "generalAndAdministrativeExpenses": 0,
        "sellingAndMarketingExpenses": 0,
        "sellingGeneralAndAdministrativeExpenses": 151400000,
        "otherExpenses": 21200000,
        "operatingExpenses": 172600000,
        "costAndExpenses": 1156600000,
        "interestIncome": 0,
        "interestExpense": 0,
        "depreciationAndAmortization": 21200000,
        "ebitda": 102200000,
        "ebitdaratio": 0.08269277449631847,
        "operatingIncome": 79300000,
        "operatingIncomeRatio": 0.0641637672950886,
        "totalOtherIncomeExpensesNet": 1700000,
        "incomeBeforeTax": 81000000,
        "incomeBeforeTaxRatio": 0.06553928311352052,
        "incomeTaxExpense": 25500000,
        "netIncome": 55500000,
        "netIncomeRatio": 0.04490654583704183,
        "eps": 0.5,
        "epsdiluted": 0.5,
        "weightedAverageShsOut": 111000000,
        "weightedAverageShsOutDil": 111000000,
        "link": "",
        "finalLink": ""
    },
    {
        "date": "1986-12-31",
        "symbol": "PKI",
        "reportedCurrency": "USD",
        "cik": "0000031791",
        "fillingDate": "1986-12-31",
        "acceptedDate": "1986-12-30 19:00:00",
        "calendarYear": "1986",
        "period": "FY",
        "revenue": 1145100000,
        "costOfRevenue": 935300000,
        "grossProfit": 209800000,
        "grossProfitRatio": 0.18321543969958956,
        "researchAndDevelopmentExpenses": 0,
        "generalAndAdministrativeExpenses": 0,
        "sellingAndMarketingExpenses": 0,
        "sellingGeneralAndAdministrativeExpenses": 133200000,
        "otherExpenses": 16400000,
        "operatingExpenses": 149600000,
        "costAndExpenses": 1084900000,
        "interestIncome": 0,
        "interestExpense": 0,
        "depreciationAndAmortization": 16400000,
        "ebitda": 88700000,
        "ebitdaratio": 0.07746048380054144,
        "operatingIncome": 60200000,
        "operatingIncomeRatio": 0.05257182778796612,
        "totalOtherIncomeExpensesNet": 12100000,
        "incomeBeforeTax": 72300000,
        "incomeBeforeTaxRatio": 0.06313859051611213,
        "incomeTaxExpense": 27400000,
        "netIncome": 44900000,
        "netIncomeRatio": 0.03921054929700463,
        "eps": 0.415,
        "epsdiluted": 0.415,
        "weightedAverageShsOut": 108192771,
        "weightedAverageShsOutDil": 108192771,
        "link": "",
        "finalLink": ""
    },
    {
        "date": "1985-12-31",
        "symbol": "PKI",
        "reportedCurrency": "USD",
        "cik": "0000031791",
        "fillingDate": "1985-12-31",
        "acceptedDate": "1985-12-30 19:00:00",
        "calendarYear": "1985",
        "period": "FY",
        "revenue": 1155100000,
        "costOfRevenue": 927900000,
        "grossProfit": 227200000,
        "grossProfitRatio": 0.19669292701930569,
        "researchAndDevelopmentExpenses": 0,
        "generalAndAdministrativeExpenses": 0,
        "sellingAndMarketingExpenses": 0,
        "sellingGeneralAndAdministrativeExpenses": 130100000,
        "otherExpenses": 15100000,
        "operatingExpenses": 145200000,
        "costAndExpenses": 1073100000,
        "interestIncome": 0,
        "interestExpense": 0,
        "depreciationAndAmortization": 15100000,
        "ebitda": 103700000,
        "ebitdaratio": 0.08977577698900528,
        "operatingIncome": 82000000,
        "operatingIncomeRatio": 0.07098952471647477,
        "totalOtherIncomeExpensesNet": 6600000,
        "incomeBeforeTax": 88600000,
        "incomeBeforeTaxRatio": 0.07670331573023981,
        "incomeTaxExpense": 32900000,
        "netIncome": 55700000,
        "netIncomeRatio": 0.048220933252532246,
        "eps": 0.52,
        "epsdiluted": 0.52,
        "weightedAverageShsOut": 107115385,
        "weightedAverageShsOutDil": 107115385,
        "link": "",
        "finalLink": ""
    }
]