[
    {
        "date": "2022-09-25",
        "symbol": "QCOM",
        "reportedCurrency": "USD",
        "cik": "0000804328",
        "fillingDate": "2022-11-02",
        "acceptedDate": "2022-11-02 16:04:10",
        "calendarYear": "2022",
        "period": "FY",
        "revenue": 44200000000,
        "costOfRevenue": 18635000000,
        "grossProfit": 25565000000,
        "grossProfitRatio": 0.5783936651583711,
        "researchAndDevelopmentExpenses": 8194000000,
        "generalAndAdministrativeExpenses": 0,
        "sellingAndMarketingExpenses": 0,
        "sellingGeneralAndAdministrativeExpenses": 2570000000,
        "otherExpenses": -1059000000,
        "operatingExpenses": 9705000000,
        "costAndExpenses": 28340000000,
        "interestIncome": 91000000,
        "interestExpense": 490000000,
        "depreciationAndAmortization": 1762000000,
        "ebitda": 17200000000,
        "ebitdaratio": 0.3891402714932127,
        "operatingIncome": 15860000000,
        "operatingIncomeRatio": 0.3588235294117647,
        "totalOtherIncomeExpensesNet": -862000000,
        "incomeBeforeTax": 14998000000,
        "incomeBeforeTaxRatio": 0.3393212669683258,
        "incomeTaxExpense": 2012000000,
        "netIncome": 12936000000,
        "netIncomeRatio": 0.29266968325791853,
        "eps": 11.52,
        "epsdiluted": 11.37,
        "weightedAverageShsOut": 1123000000,
        "weightedAverageShsOutDil": 1137000000,
        "link": "https://www.sec.gov/Archives/edgar/data/804328/000080432822000021/0000804328-22-000021-index.htm",
        "finalLink": "https://www.sec.gov/Archives/edgar/data/804328/000080432822000021/qcom-20220925.htm"
    },
    {
        "date": "2021-09-26",
        "symbol": "QCOM",
        "reportedCurrency": "USD",
        "cik": "0000804328",
        "fillingDate": "2021-11-03",
        "acceptedDate": "2021-11-03 16:06:41",
        "calendarYear": "2021",
        "period": "FY",
        "revenue": 33566000000,
        "costOfRevenue": 14262000000,
        "grossProfit": 19304000000,
        "grossProfitRatio": 0.5751057617827564,
        "researchAndDevelopmentExpenses": 7176000000,
        "generalAndAdministrativeExpenses": 0,
        "sellingAndMarketingExpenses": 0,
        "sellingGeneralAndAdministrativeExpenses": 2339000000,
        "otherExpenses": 0,
        "operatingExpenses": 9515000000,
        "costAndExpenses": 23777000000,
        "interestIncome": 83000000,
        "interestExpense": 559000000,
        "depreciationAndAmortization": 1582000000,
        "ebitda": 12415000000,
        "ebitdaratio": 0.36986831913245544,
        "operatingIncome": 9789000000,
        "operatingIncomeRatio": 0.2916343919442293,
        "totalOtherIncomeExpensesNet": 485000000,
        "incomeBeforeTax": 10274000000,
        "incomeBeforeTaxRatio": 0.3060835369123518,
        "incomeTaxExpense": 1231000000,
        "netIncome": 9043000000,
        "netIncomeRatio": 0.2694095215396532,
        "eps": 7.99,
        "epsdiluted": 7.87,
        "weightedAverageShsOut": 1131000000,
        "weightedAverageShsOutDil": 1149000000,
        "link": "https://www.sec.gov/Archives/edgar/data/804328/000172894921000076/0001728949-21-000076-index.htm",
        "finalLink": "https://www.sec.gov/Archives/edgar/data/804328/000172894921000076/qcom-20210926.htm"
    },
    {
        "date": "2020-09-27",
        "symbol": "QCOM",
        "reportedCurrency": "USD",
        "cik": "0000804328",
        "fillingDate": "2020-11-04",
        "acceptedDate": "2020-11-04 17:19:44",
        "calendarYear": "2020",
        "period": "FY",
        "revenue": 23531000000,
        "costOfRevenue": 9255000000,
        "grossProfit": 14276000000,
        "grossProfitRatio": 0.606689048489227,
        "researchAndDevelopmentExpenses": 5975000000,
        "generalAndAdministrativeExpenses": 0,
        "sellingAndMarketingExpenses": 0,
        "sellingGeneralAndAdministrativeExpenses": 2074000000,
        "otherExpenses": -28000000,
        "operatingExpenses": 8021000000,
        "costAndExpenses": 17276000000,
        "interestIncome": 156000000,
        "interestExpense": 602000000,
        "depreciationAndAmortization": 1393000000,
        "ebitda": 7714000000,
        "ebitdaratio": 0.32782287195614296,
        "operatingIncome": 6255000000,
        "operatingIncomeRatio": 0.26581955717989036,
        "totalOtherIncomeExpensesNet": -536000000,
        "incomeBeforeTax": 5719000000,
        "incomeBeforeTaxRatio": 0.243041094726106,
        "incomeTaxExpense": 521000000,
        "netIncome": 5198000000,
        "netIncomeRatio": 0.22090008924397603,
        "eps": 4.58,
        "epsdiluted": 4.52,
        "weightedAverageShsOut": 1135000000,
        "weightedAverageShsOutDil": 1149000000,
        "link": "https://www.sec.gov/Archives/edgar/data/804328/000172894920000067/0001728949-20-000067-index.htm",
        "finalLink": "https://www.sec.gov/Archives/edgar/data/804328/000172894920000067/qcom-20200927.htm"
    },
    {
        "date": "2019-09-29",
        "symbol": "QCOM",
        "reportedCurrency": "USD",
        "cik": "0000804328",
        "fillingDate": "2019-11-06",
        "acceptedDate": "2019-11-06 16:08:43",
        "calendarYear": "2019",
        "period": "FY",
        "revenue": 24273000000,
        "costOfRevenue": 8599000000,
        "grossProfit": 15674000000,
        "grossProfitRatio": 0.6457380628682075,
        "researchAndDevelopmentExpenses": 5398000000,
        "generalAndAdministrativeExpenses": 0,
        "sellingAndMarketingExpenses": 0,
        "sellingGeneralAndAdministrativeExpenses": 2195000000,
        "otherExpenses": 414000000,
        "operatingExpenses": 8007000000,
        "costAndExpenses": 16606000000,
        "interestIncome": 316000000,
        "interestExpense": 627000000,
        "depreciationAndAmortization": 1401000000,
        "ebitda": 9509000000,
        "ebitdaratio": 0.3917521525975364,
        "operatingIncome": 7667000000,
        "operatingIncomeRatio": 0.3158653648086351,
        "totalOtherIncomeExpensesNet": -186000000,
        "incomeBeforeTax": 7481000000,
        "incomeBeforeTaxRatio": 0.308202529559593,
        "incomeTaxExpense": 3095000000,
        "netIncome": 4386000000,
        "netIncomeRatio": 0.18069459893709058,
        "eps": 3.63,
        "epsdiluted": 3.59,
        "weightedAverageShsOut": 1210000000,
        "weightedAverageShsOutDil": 1220000000,
        "link": "https://www.sec.gov/Archives/edgar/data/804328/000172894919000072/0001728949-19-000072-index.html",
        "finalLink": "https://www.sec.gov/Archives/edgar/data/804328/000172894919000072/qcom10-k2019.htm"
    },
    {
        "date": "2018-09-30",
        "symbol": "QCOM",
        "reportedCurrency": "USD",
        "cik": "0000804328",
        "fillingDate": "2018-11-07",
        "acceptedDate": "2018-11-07 16:15:48",
        "calendarYear": "2018",
        "period": "FY",
        "revenue": 22732000000,
        "costOfRevenue": 10244000000,
        "grossProfit": 12488000000,
        "grossProfitRatio": 0.5493577335914129,
        "researchAndDevelopmentExpenses": 5625000000,
        "generalAndAdministrativeExpenses": 0,
        "sellingAndMarketingExpenses": 0,
        "sellingGeneralAndAdministrativeExpenses": 2986000000,
        "otherExpenses": 3135000000,
        "operatingExpenses": 11746000000,
        "costAndExpenses": 21990000000,
        "interestIncome": 625000000,
        "interestExpense": 768000000,
        "depreciationAndAmortization": 1561000000,
        "ebitda": 2842000000,
        "ebitdaratio": 0.1250219954249516,
        "operatingIncome": 742000000,
        "operatingIncomeRatio": 0.03264121062818934,
        "totalOtherIncomeExpensesNet": -229000000,
        "incomeBeforeTax": 513000000,
        "incomeBeforeTaxRatio": 0.022567306000351926,
        "incomeTaxExpense": 5377000000,
        "netIncome": -4864000000,
        "netIncomeRatio": -0.2139714939292627,
        "eps": -3.32,
        "epsdiluted": -3.32,
        "weightedAverageShsOut": 1463000000,
        "weightedAverageShsOutDil": 1463000000,
        "link": "https://www.sec.gov/Archives/edgar/data/804328/000172894918000095/0001728949-18-000095-index.html",
        "finalLink": "https://www.sec.gov/Archives/edgar/data/804328/000172894918000095/qcom10-k2018.htm"
    },
    {
        "date": "2017-09-24",
        "symbol": "QCOM",
        "reportedCurrency": "USD",
        "cik": "0000804328",
        "fillingDate": "2017-11-01",
        "acceptedDate": "2017-11-01 16:10:14",
        "calendarYear": "2017",
        "period": "FY",
        "revenue": 22291000000,
        "costOfRevenue": 9792000000,
        "grossProfit": 12499000000,
        "grossProfitRatio": 0.560719572921807,
        "researchAndDevelopmentExpenses": 5485000000,
        "generalAndAdministrativeExpenses": 0,
        "sellingAndMarketingExpenses": 0,
        "sellingGeneralAndAdministrativeExpenses": 2658000000,
        "otherExpenses": 1742000000,
        "operatingExpenses": 9885000000,
        "costAndExpenses": 19677000000,
        "interestIncome": 619000000,
        "interestExpense": 494000000,
        "depreciationAndAmortization": 1461000000,
        "ebitda": 4976000000,
        "ebitdaratio": 0.2232291059171863,
        "operatingIncome": 2614000000,
        "operatingIncomeRatio": 0.11726705845408461,
        "totalOtherIncomeExpensesNet": 406000000,
        "incomeBeforeTax": 3020000000,
        "incomeBeforeTaxRatio": 0.1354806872728904,
        "incomeTaxExpense": 555000000,
        "netIncome": 2466000000,
        "netIncomeRatio": 0.11062760755461845,
        "eps": 1.67,
        "epsdiluted": 1.65,
        "weightedAverageShsOut": 1477000000,
        "weightedAverageShsOutDil": 1490000000,
        "link": "https://www.sec.gov/Archives/edgar/data/804328/000123445217000190/0001234452-17-000190-index.html",
        "finalLink": "https://www.sec.gov/Archives/edgar/data/804328/000123445217000190/qcom10-k2017.htm"
    },
    {
        "date": "2016-09-25",
        "symbol": "QCOM",
        "reportedCurrency": "USD",
        "cik": "0000804328",
        "fillingDate": "2016-11-02",
        "acceptedDate": "2016-11-02 16:11:53",
        "calendarYear": "2016",
        "period": "FY",
        "revenue": 23554000000,
        "costOfRevenue": 9749000000,
        "grossProfit": 13805000000,
        "grossProfitRatio": 0.5861000254733804,
        "researchAndDevelopmentExpenses": 5151000000,
        "generalAndAdministrativeExpenses": 0,
        "sellingAndMarketingExpenses": 0,
        "sellingGeneralAndAdministrativeExpenses": 2385000000,
        "otherExpenses": -226000000,
        "operatingExpenses": 7310000000,
        "costAndExpenses": 17059000000,
        "interestIncome": 611000000,
        "interestExpense": 297000000,
        "depreciationAndAmortization": 1428000000,
        "ebitda": 8561000000,
        "ebitdaratio": 0.3634626814978348,
        "operatingIncome": 6495000000,
        "operatingIncomeRatio": 0.27574934193767514,
        "totalOtherIncomeExpensesNet": 338000000,
        "incomeBeforeTax": 6833000000,
        "incomeBeforeTaxRatio": 0.2900993461832385,
        "incomeTaxExpense": 1131000000,
        "netIncome": 5705000000,
        "netIncomeRatio": 0.2422093911862104,
        "eps": 3.84,
        "epsdiluted": 3.81,
        "weightedAverageShsOut": 1484000000,
        "weightedAverageShsOutDil": 1498000000,
        "link": "https://www.sec.gov/Archives/edgar/data/804328/000123445216000552/0001234452-16-000552-index.html",
        "finalLink": "https://www.sec.gov/Archives/edgar/data/804328/000123445216000552/qcom10-k2016.htm"
    },
    {
        "date": "2015-09-27",
        "symbol": "QCOM",
        "reportedCurrency": "USD",
        "cik": "0000804328",
        "fillingDate": "2015-11-04",
        "acceptedDate": "2015-11-04 16:26:47",
        "calendarYear": "2015",
        "period": "FY",
        "revenue": 25281000000,
        "costOfRevenue": 10378000000,
        "grossProfit": 14903000000,
        "grossProfitRatio": 0.5894940864680985,
        "researchAndDevelopmentExpenses": 5490000000,
        "generalAndAdministrativeExpenses": 0,
        "sellingAndMarketingExpenses": 0,
        "sellingGeneralAndAdministrativeExpenses": 2344000000,
        "otherExpenses": 1293000000,
        "operatingExpenses": 9127000000,
        "costAndExpenses": 19505000000,
        "interestIncome": 527000000,
        "interestExpense": 104000000,
        "depreciationAndAmortization": 1214000000,
        "ebitda": 7808000000,
        "ebitdaratio": 0.30884854238360826,
        "operatingIncome": 5776000000,
        "operatingIncomeRatio": 0.2284719750009889,
        "totalOtherIncomeExpensesNet": 711000000,
        "incomeBeforeTax": 6487000000,
        "incomeBeforeTaxRatio": 0.25659586250543887,
        "incomeTaxExpense": 1219000000,
        "netIncome": 5271000000,
        "netIncomeRatio": 0.20849649934733594,
        "eps": 3.26,
        "epsdiluted": 3.22,
        "weightedAverageShsOut": 1618000000,
        "weightedAverageShsOutDil": 1639000000,
        "link": "https://www.sec.gov/Archives/edgar/data/804328/000123445215000271/0001234452-15-000271-index.html",
        "finalLink": "https://www.sec.gov/Archives/edgar/data/804328/000123445215000271/qcom10-k2015.htm"
    },
    {
        "date": "2014-09-28",
        "symbol": "QCOM",
        "reportedCurrency": "USD",
        "cik": "0000804328",
        "fillingDate": "2014-11-05",
        "acceptedDate": "2014-11-05 16:18:10",
        "calendarYear": "2014",
        "period": "FY",
        "revenue": 26487000000,
        "costOfRevenue": 10686000000,
        "grossProfit": 15801000000,
        "grossProfitRatio": 0.5965568014497679,
        "researchAndDevelopmentExpenses": 5477000000,
        "generalAndAdministrativeExpenses": 0,
        "sellingAndMarketingExpenses": 0,
        "sellingGeneralAndAdministrativeExpenses": 2290000000,
        "otherExpenses": 484000000,
        "operatingExpenses": 8251000000,
        "costAndExpenses": 18937000000,
        "interestIncome": 586000000,
        "interestExpense": 5000000,
        "depreciationAndAmortization": 1150000000,
        "ebitda": 10366000000,
        "ebitdaratio": 0.39136180012836486,
        "operatingIncome": 7550000000,
        "operatingIncomeRatio": 0.2850454940159323,
        "totalOtherIncomeExpensesNet": 1228000000,
        "incomeBeforeTax": 8778000000,
        "incomeBeforeTaxRatio": 0.3314078604598482,
        "incomeTaxExpense": 1244000000,
        "netIncome": 7967000000,
        "netIncomeRatio": 0.3007890663344282,
        "eps": 4.73,
        "epsdiluted": 4.65,
        "weightedAverageShsOut": 1683000000,
        "weightedAverageShsOutDil": 1714000000,
        "link": "https://www.sec.gov/Archives/edgar/data/804328/000123445214000320/0001234452-14-000320-index.html",
        "finalLink": "https://www.sec.gov/Archives/edgar/data/804328/000123445214000320/qcom10-k2014.htm"
    },
    {
        "date": "2013-09-29",
        "symbol": "QCOM",
        "reportedCurrency": "USD",
        "cik": "0000804328",
        "fillingDate": "2013-11-06",
        "acceptedDate": "2013-11-06 16:22:40",
        "calendarYear": "2013",
        "period": "FY",
        "revenue": 24866000000,
        "costOfRevenue": 9820000000,
        "grossProfit": 15046000000,
        "grossProfitRatio": 0.60508324619963,
        "researchAndDevelopmentExpenses": 4967000000,
        "generalAndAdministrativeExpenses": 0,
        "sellingAndMarketingExpenses": 0,
        "sellingGeneralAndAdministrativeExpenses": 2518000000,
        "otherExpenses": 331000000,
        "operatingExpenses": 7816000000,
        "costAndExpenses": 17636000000,
        "interestIncome": 697000000,
        "interestExpense": 23000000,
        "depreciationAndAmortization": 1017000000,
        "ebitda": 9242000000,
        "ebitdaratio": 0.37167216279256815,
        "operatingIncome": 7230000000,
        "operatingIncomeRatio": 0.2907584653744068,
        "totalOtherIncomeExpensesNet": 964000000,
        "incomeBeforeTax": 8194000000,
        "incomeBeforeTaxRatio": 0.32952626075766106,
        "incomeTaxExpense": 1349000000,
        "netIncome": 6853000000,
        "netIncomeRatio": 0.27559720099734575,
        "eps": 3.99,
        "epsdiluted": 3.91,
        "weightedAverageShsOut": 1715000000,
        "weightedAverageShsOutDil": 1754000000,
        "link": "https://www.sec.gov/Archives/edgar/data/804328/000123445213000483/0001234452-13-000483-index.html",
        "finalLink": "https://www.sec.gov/Archives/edgar/data/804328/000123445213000483/qcom10-k2013.htm"
    },
    {
        "date": "2012-09-30",
        "symbol": "QCOM",
        "reportedCurrency": "USD",
        "cik": "0000804328",
        "fillingDate": "2012-11-07",
        "acceptedDate": "2012-11-07 16:15:01",
        "calendarYear": "2012",
        "period": "FY",
        "revenue": 19121000000,
        "costOfRevenue": 7096000000,
        "grossProfit": 12025000000,
        "grossProfitRatio": 0.6288897024214215,
        "researchAndDevelopmentExpenses": 3915000000,
        "generalAndAdministrativeExpenses": 0,
        "sellingAndMarketingExpenses": 0,
        "sellingGeneralAndAdministrativeExpenses": 2324000000,
        "otherExpenses": 104000000,
        "operatingExpenses": 6343000000,
        "costAndExpenses": 13439000000,
        "interestIncome": 609000000,
        "interestExpense": 90000000,
        "depreciationAndAmortization": 897000000,
        "ebitda": 8375000000,
        "ebitdaratio": 0.4380001045970399,
        "operatingIncome": 5682000000,
        "operatingIncomeRatio": 0.2971601903666126,
        "totalOtherIncomeExpensesNet": 880000000,
        "incomeBeforeTax": 6562000000,
        "incomeBeforeTaxRatio": 0.34318288792427176,
        "incomeTaxExpense": 1279000000,
        "netIncome": 6109000000,
        "netIncomeRatio": 0.3194916583860677,
        "eps": 3.59,
        "epsdiluted": 3.51,
        "weightedAverageShsOut": 1700000000,
        "weightedAverageShsOutDil": 1741000000,
        "link": "https://www.sec.gov/Archives/edgar/data/804328/000123445212000371/0001234452-12-000371-index.html",
        "finalLink": "https://www.sec.gov/Archives/edgar/data/804328/000123445212000371/qcom10-k2012.htm"
    },
    {
        "date": "2011-09-25",
        "symbol": "QCOM",
        "reportedCurrency": "USD",
        "cik": "0000804328",
        "fillingDate": "2011-11-02",
        "acceptedDate": "2011-11-02 16:08:57",
        "calendarYear": "2011",
        "period": "FY",
        "revenue": 14957000000,
        "costOfRevenue": 4877000000,
        "grossProfit": 10080000000,
        "grossProfitRatio": 0.6739319382229056,
        "researchAndDevelopmentExpenses": 2995000000,
        "generalAndAdministrativeExpenses": 0,
        "sellingAndMarketingExpenses": 0,
        "sellingGeneralAndAdministrativeExpenses": 1945000000,
        "otherExpenses": 114000000,
        "operatingExpenses": 5054000000,
        "costAndExpenses": 9931000000,
        "interestIncome": 500000000,
        "interestExpense": 114000000,
        "depreciationAndAmortization": 1061000000,
        "ebitda": 6567000000,
        "ebitdaratio": 0.4390586347529585,
        "operatingIncome": 5026000000,
        "operatingIncomeRatio": 0.3360299525305877,
        "totalOtherIncomeExpensesNet": 661000000,
        "incomeBeforeTax": 5687000000,
        "incomeBeforeTaxRatio": 0.38022330681286354,
        "incomeTaxExpense": 1132000000,
        "netIncome": 4260000000,
        "netIncomeRatio": 0.28481647389182324,
        "eps": 2.57,
        "epsdiluted": 2.52,
        "weightedAverageShsOut": 1658000000,
        "weightedAverageShsOutDil": 1691000000,
        "link": "https://www.sec.gov/Archives/edgar/data/804328/000123445211000360/0001234452-11-000360-index.html",
        "finalLink": "https://www.sec.gov/Archives/edgar/data/804328/000123445211000360/qcom10-k2011.htm"
    },
    {
        "date": "2010-09-26",
        "symbol": "QCOM",
        "reportedCurrency": "USD",
        "cik": "0000804328",
        "fillingDate": "2010-11-03",
        "acceptedDate": "2010-11-03 17:18:30",
        "calendarYear": "2010",
        "period": "FY",
        "revenue": 10991000000,
        "costOfRevenue": 3517000000,
        "grossProfit": 7474000000,
        "grossProfitRatio": 0.6800109180238377,
        "researchAndDevelopmentExpenses": 2549000000,
        "generalAndAdministrativeExpenses": 0,
        "sellingAndMarketingExpenses": 0,
        "sellingGeneralAndAdministrativeExpenses": 1642000000,
        "otherExpenses": 0,
        "operatingExpenses": 4191000000,
        "costAndExpenses": 7708000000,
        "interestIncome": 530000000,
        "interestExpense": 58000000,
        "depreciationAndAmortization": 666000000,
        "ebitda": 4758000000,
        "ebitdaratio": 0.4328996451642253,
        "operatingIncome": 3283000000,
        "operatingIncomeRatio": 0.29869893549267584,
        "totalOtherIncomeExpensesNet": 751000000,
        "incomeBeforeTax": 4034000000,
        "incomeBeforeTaxRatio": 0.36702756801019015,
        "incomeTaxExpense": 787000000,
        "netIncome": 3247000000,
        "netIncomeRatio": 0.2954235283413702,
        "eps": 1.98,
        "epsdiluted": 1.96,
        "weightedAverageShsOut": 1643000000,
        "weightedAverageShsOutDil": 1658000000,
        "link": "https://www.sec.gov/Archives/edgar/data/804328/000095012310100207/0000950123-10-100207-index.html",
        "finalLink": "https://www.sec.gov/Archives/edgar/data/804328/000095012310100207/a57478e10vk.htm"
    },
    {
        "date": "2009-09-27",
        "symbol": "QCOM",
        "reportedCurrency": "USD",
        "cik": "0000804328",
        "fillingDate": "2009-11-05",
        "acceptedDate": "2009-11-04 20:21:47",
        "calendarYear": "2009",
        "period": "FY",
        "revenue": 10416000000,
        "costOfRevenue": 3181000000,
        "grossProfit": 7235000000,
        "grossProfitRatio": 0.6946044546850998,
        "researchAndDevelopmentExpenses": 2440000000,
        "generalAndAdministrativeExpenses": 0,
        "sellingAndMarketingExpenses": 0,
        "sellingGeneralAndAdministrativeExpenses": 1556000000,
        "otherExpenses": 1013000000,
        "operatingExpenses": 5009000000,
        "costAndExpenses": 8190000000,
        "interestIncome": 516000000,
        "interestExpense": 24000000,
        "depreciationAndAmortization": 635000000,
        "ebitda": 2735000000,
        "ebitdaratio": 0.2625768049155146,
        "operatingIncome": 2226000000,
        "operatingIncomeRatio": 0.21370967741935484,
        "totalOtherIncomeExpensesNet": -150000000,
        "incomeBeforeTax": 2076000000,
        "incomeBeforeTaxRatio": 0.19930875576036866,
        "incomeTaxExpense": 484000000,
        "netIncome": 1592000000,
        "netIncomeRatio": 0.15284178187403993,
        "eps": 0.96,
        "epsdiluted": 0.95,
        "weightedAverageShsOut": 1656000000,
        "weightedAverageShsOutDil": 1673000000,
        "link": "https://www.sec.gov/Archives/edgar/data/804328/000095012309057827/0000950123-09-057827-index.html",
        "finalLink": "https://www.sec.gov/Archives/edgar/data/804328/000095012309057827/a54086e10vk.htm"
    },
    {
        "date": "2008-09-28",
        "symbol": "QCOM",
        "reportedCurrency": "USD",
        "cik": "0000804328",
        "fillingDate": "2008-11-06",
        "acceptedDate": "2008-11-06 16:23:15",
        "calendarYear": "2008",
        "period": "FY",
        "revenue": 11142000000,
        "costOfRevenue": 3414000000,
        "grossProfit": 7728000000,
        "grossProfitRatio": 0.6935918147549811,
        "researchAndDevelopmentExpenses": 2281000000,
        "generalAndAdministrativeExpenses": 0,
        "sellingAndMarketingExpenses": 0,
        "sellingGeneralAndAdministrativeExpenses": 1717000000,
        "otherExpenses": 0,
        "operatingExpenses": 3998000000,
        "costAndExpenses": 7412000000,
        "interestIncome": 0,
        "interestExpense": 0,
        "depreciationAndAmortization": 456000000,
        "ebitda": 4282000000,
        "ebitdaratio": 0.3843116137138754,
        "operatingIncome": 3730000000,
        "operatingIncomeRatio": 0.33476934123137675,
        "totalOtherIncomeExpensesNet": 96000000,
        "incomeBeforeTax": 3826000000,
        "incomeBeforeTaxRatio": 0.3433853886196374,
        "incomeTaxExpense": 666000000,
        "netIncome": 3160000000,
        "netIncomeRatio": 0.2836115598635793,
        "eps": 1.94,
        "epsdiluted": 1.9,
        "weightedAverageShsOut": 1632000000,
        "weightedAverageShsOutDil": 1660000000,
        "link": "https://www.sec.gov/Archives/edgar/data/804328/000093639208000707/0000936392-08-000707-index.html",
        "finalLink": "https://www.sec.gov/Archives/edgar/data/804328/000093639208000707/a50397e10vk.htm"
    },
    {
        "date": "2007-09-30",
        "symbol": "QCOM",
        "reportedCurrency": "USD",
        "cik": "0000804328",
        "fillingDate": "2007-11-08",
        "acceptedDate": "2007-11-08 16:03:56",
        "calendarYear": "2007",
        "period": "FY",
        "revenue": 8871000000,
        "costOfRevenue": 2681000000,
        "grossProfit": 6190000000,
        "grossProfitRatio": 0.6977792808026153,
        "researchAndDevelopmentExpenses": 1829000000,
        "generalAndAdministrativeExpenses": 0,
        "sellingAndMarketingExpenses": 0,
        "sellingGeneralAndAdministrativeExpenses": 1478000000,
        "otherExpenses": 0,
        "operatingExpenses": 3307000000,
        "costAndExpenses": 5988000000,
        "interestIncome": 0,
        "interestExpense": 0,
        "depreciationAndAmortization": 383000000,
        "ebitda": 4009000000,
        "ebitdaratio": 0.4519219930109345,
        "operatingIncome": 2883000000,
        "operatingIncomeRatio": 0.32499154548528913,
        "totalOtherIncomeExpensesNet": 743000000,
        "incomeBeforeTax": 3626000000,
        "incomeBeforeTaxRatio": 0.40874760455416526,
        "incomeTaxExpense": 323000000,
        "netIncome": 3303000000,
        "netIncomeRatio": 0.37233682786608047,
        "eps": 1.99,
        "epsdiluted": 1.95,
        "weightedAverageShsOut": 1660000000,
        "weightedAverageShsOutDil": 1693000000,
        "link": "https://www.sec.gov/Archives/edgar/data/804328/000093639207000836/0000936392-07-000836-index.html",
        "finalLink": "https://www.sec.gov/Archives/edgar/data/804328/000093639207000836/a35354e10vk.htm"
    },
    {
        "date": "2006-09-24",
        "symbol": "QCOM",
        "reportedCurrency": "USD",
        "cik": "0000804328",
        "fillingDate": "2006-11-02",
        "acceptedDate": "2006-11-02 16:24:35",
        "calendarYear": "2006",
        "period": "FY",
        "revenue": 7526000000,
        "costOfRevenue": 2182000000,
        "grossProfit": 5344000000,
        "grossProfitRatio": 0.7100717512622907,
        "researchAndDevelopmentExpenses": 1538000000,
        "generalAndAdministrativeExpenses": 0,
        "sellingAndMarketingExpenses": 0,
        "sellingGeneralAndAdministrativeExpenses": 1116000000,
        "otherExpenses": 0,
        "operatingExpenses": 2654000000,
        "costAndExpenses": 4836000000,
        "interestIncome": 0,
        "interestExpense": 0,
        "depreciationAndAmortization": 272000000,
        "ebitda": 3428000000,
        "ebitdaratio": 0.45548764283816107,
        "operatingIncome": 2690000000,
        "operatingIncomeRatio": 0.35742758437416955,
        "totalOtherIncomeExpensesNet": 466000000,
        "incomeBeforeTax": 3156000000,
        "incomeBeforeTaxRatio": 0.41934626627690674,
        "incomeTaxExpense": 686000000,
        "netIncome": 2470000000,
        "netIncomeRatio": 0.3281955886260962,
        "eps": 1.49,
        "epsdiluted": 1.44,
        "weightedAverageShsOut": 1659000000,
        "weightedAverageShsOutDil": 1711000000,
        "link": "https://www.sec.gov/Archives/edgar/data/804328/000093639206000996/a24679e10vk.htm",
        "finalLink": "https://www.sec.gov/Archives/edgar/data/804328/000093639206000996/a24679e10vk.htm"
    },
    {
        "date": "2005-09-25",
        "symbol": "QCOM",
        "reportedCurrency": "USD",
        "cik": "0000804328",
        "fillingDate": "2005-11-02",
        "acceptedDate": "2005-11-02 17:17:00",
        "calendarYear": "2005",
        "period": "FY",
        "revenue": 5673000000,
        "costOfRevenue": 1645000000,
        "grossProfit": 4028000000,
        "grossProfitRatio": 0.7100299665080204,
        "researchAndDevelopmentExpenses": 1011000000,
        "generalAndAdministrativeExpenses": 0,
        "sellingAndMarketingExpenses": 0,
        "sellingGeneralAndAdministrativeExpenses": 631000000,
        "otherExpenses": 0,
        "operatingExpenses": 1642000000,
        "costAndExpenses": 3287000000,
        "interestIncome": 0,
        "interestExpense": 0,
        "depreciationAndAmortization": 200000000,
        "ebitda": 3009000000,
        "ebitdaratio": 0.5304071919619249,
        "operatingIncome": 2386000000,
        "operatingIncomeRatio": 0.4205887537458135,
        "totalOtherIncomeExpensesNet": 423000000,
        "incomeBeforeTax": 2809000000,
        "incomeBeforeTaxRatio": 0.4951524766437511,
        "incomeTaxExpense": 666000000,
        "netIncome": 2143000000,
        "netIncomeRatio": 0.37775427463423233,
        "eps": 1.31,
        "epsdiluted": 1.26,
        "weightedAverageShsOut": 1638000000,
        "weightedAverageShsOutDil": 1694000000,
        "link": "https://www.sec.gov/Archives/edgar/data/804328/000093639205000362/a14009e10vk.htm",
        "finalLink": "https://www.sec.gov/Archives/edgar/data/804328/000093639205000362/a14009e10vk.htm"
    },
    {
        "date": "2004-09-30",
        "symbol": "QCOM",
        "reportedCurrency": "USD",
        "cik": "0000804328",
        "fillingDate": "2004-09-30",
        "acceptedDate": "2004-09-29 20:00:00",
        "calendarYear": "2004",
        "period": "FY",
        "revenue": 4880000000,
        "costOfRevenue": 1484000000,
        "grossProfit": 3396000000,
        "grossProfitRatio": 0.6959016393442623,
        "researchAndDevelopmentExpenses": 720000000,
        "generalAndAdministrativeExpenses": 0,
        "sellingAndMarketingExpenses": 0,
        "sellingGeneralAndAdministrativeExpenses": 568000000,
        "otherExpenses": -21000000,
        "operatingExpenses": 1267000000,
        "costAndExpenses": 2751000000,
        "interestIncome": null,
        "interestExpense": 0,
        "depreciationAndAmortization": 163000000,
        "ebitda": 2471000000,
        "ebitdaratio": 0.5063524590163935,
        "operatingIncome": 2129000000,
        "operatingIncomeRatio": 0.4362704918032787,
        "totalOtherIncomeExpensesNet": 184000000,
        "incomeBeforeTax": 2313000000,
        "incomeBeforeTaxRatio": 0.47397540983606556,
        "incomeTaxExpense": 588000000,
        "netIncome": 1720000000,
        "netIncomeRatio": 0.3524590163934426,
        "eps": 1.06,
        "epsdiluted": 1.03,
        "weightedAverageShsOut": 1616000000,
        "weightedAverageShsOutDil": 1675000000,
        "link": "",
        "finalLink": ""
    },
    {
        "date": "2003-09-30",
        "symbol": "QCOM",
        "reportedCurrency": "USD",
        "cik": "0000804328",
        "fillingDate": "2003-09-30",
        "acceptedDate": "2003-09-29 20:00:00",
        "calendarYear": "2003",
        "period": "FY",
        "revenue": 3970636000,
        "costOfRevenue": 1430047000,
        "grossProfit": 2540589000,
        "grossProfitRatio": 0.6398443473539251,
        "researchAndDevelopmentExpenses": 523267000,
        "generalAndAdministrativeExpenses": 0,
        "sellingAndMarketingExpenses": 0,
        "sellingGeneralAndAdministrativeExpenses": 534915000,
        "otherExpenses": 172172000,
        "operatingExpenses": 1230354000,
        "costAndExpenses": 2660401000,
        "interestIncome": null,
        "interestExpense": 0,
        "depreciationAndAmortization": 179694000,
        "ebitda": 1464841000,
        "ebitdaratio": 0.36891848056583376,
        "operatingIncome": 1310235000,
        "operatingIncomeRatio": 0.32998114156019337,
        "totalOtherIncomeExpensesNet": -25088000,
        "incomeBeforeTax": 1285147000,
        "incomeBeforeTaxRatio": 0.32366275830874447,
        "incomeTaxExpense": 457706000,
        "netIncome": 827441000,
        "netIncomeRatio": 0.20839004129313288,
        "eps": 0.525,
        "epsdiluted": 0.505,
        "weightedAverageShsOut": 1579172000,
        "weightedAverageShsOutDil": 1635510000,
        "link": "",
        "finalLink": ""
    },
    {
        "date": "2002-09-30",
        "symbol": "QCOM",
        "reportedCurrency": "USD",
        "cik": "0000804328",
        "fillingDate": "2002-09-30",
        "acceptedDate": "2002-09-29 20:00:00",
        "calendarYear": "2002",
        "period": "FY",
        "revenue": 3039560000,
        "costOfRevenue": 1137360000,
        "grossProfit": 1902200000,
        "grossProfitRatio": 0.6258142625906381,
        "researchAndDevelopmentExpenses": 451678000,
        "generalAndAdministrativeExpenses": 0,
        "sellingAndMarketingExpenses": 0,
        "sellingGeneralAndAdministrativeExpenses": 508644000,
        "otherExpenses": 268610000,
        "operatingExpenses": 1228932000,
        "costAndExpenses": 2366292000,
        "interestIncome": null,
        "interestExpense": 0,
        "depreciationAndAmortization": 394257000,
        "ebitda": 855382000,
        "ebitdaratio": 0.2814163892142284,
        "operatingIncome": 673268000,
        "operatingIncomeRatio": 0.2215017963126242,
        "totalOtherIncomeExpensesNet": -212143000,
        "incomeBeforeTax": 461125000,
        "incomeBeforeTaxRatio": 0.1517078129729303,
        "incomeTaxExpense": 101448000,
        "netIncome": 359677000,
        "netIncomeRatio": 0.11833192962139256,
        "eps": 0.235,
        "epsdiluted": 0.22,
        "weightedAverageShsOut": 1541774000,
        "weightedAverageShsOutDil": 1618658000,
        "link": "",
        "finalLink": ""
    },
    {
        "date": "2001-09-30",
        "symbol": "QCOM",
        "reportedCurrency": "USD",
        "cik": "0000804328",
        "fillingDate": "2001-11-09",
        "acceptedDate": "2001-11-09 00:00:00",
        "calendarYear": "2001",
        "period": "FY",
        "revenue": 2679786000,
        "costOfRevenue": 1035103000,
        "grossProfit": 1644683000,
        "grossProfitRatio": 0.6137366939001846,
        "researchAndDevelopmentExpenses": 414760000,
        "generalAndAdministrativeExpenses": 0,
        "sellingAndMarketingExpenses": 0,
        "sellingGeneralAndAdministrativeExpenses": 367155000,
        "otherExpenses": 855838000,
        "operatingExpenses": 1637753000,
        "costAndExpenses": 2672856000,
        "interestIncome": 0,
        "interestExpense": 0,
        "depreciationAndAmortization": 319811000,
        "ebitda": -124431000,
        "ebitdaratio": -0.046433185336441044,
        "operatingIncome": 6930000,
        "operatingIncomeRatio": 0.0025860273917394897,
        "totalOtherIncomeExpensesNet": -433235000,
        "incomeBeforeTax": -426305000,
        "incomeBeforeTaxRatio": -0.15908173264581574,
        "incomeTaxExpense": 104501000,
        "netIncome": -548743000,
        "netIncomeRatio": -0.20477120187955306,
        "eps": -0.365,
        "epsdiluted": -0.365,
        "weightedAverageShsOut": 1511938000,
        "weightedAverageShsOutDil": 1511938000,
        "link": "https://www.sec.gov/Archives/edgar/data/804328/000093639201500225/0000936392-01-500225-index.html",
        "finalLink": "https://www.sec.gov/Archives/edgar/data/804328/000093639201500225/a76829e10-k.htm"
    },
    {
        "date": "2000-09-30",
        "symbol": "QCOM",
        "reportedCurrency": "USD",
        "cik": "0000804328",
        "fillingDate": "2000-11-03",
        "acceptedDate": "2000-11-03 00:00:00",
        "calendarYear": "2000",
        "period": "FY",
        "revenue": 3196780000,
        "costOfRevenue": 1507122000,
        "grossProfit": 1689658000,
        "grossProfitRatio": 0.5285499784157809,
        "researchAndDevelopmentExpenses": 340407000,
        "generalAndAdministrativeExpenses": 0,
        "sellingAndMarketingExpenses": 0,
        "sellingGeneralAndAdministrativeExpenses": 342940000,
        "otherExpenses": 223643000,
        "operatingExpenses": 906990000,
        "costAndExpenses": 2414112000,
        "interestIncome": 0,
        "interestExpense": 0,
        "depreciationAndAmortization": 243842000,
        "ebitda": 1440647000,
        "ebitdaratio": 0.4506556597576311,
        "operatingIncome": 722638000,
        "operatingIncomeRatio": 0.22605183966366155,
        "totalOtherIncomeExpensesNet": 474167000,
        "incomeBeforeTax": 1196805000,
        "incomeBeforeTaxRatio": 0.3743782806448989,
        "incomeTaxExpense": 526594000,
        "netIncome": 670211000,
        "netIncomeRatio": 0.20965189972409737,
        "eps": 0.465,
        "epsdiluted": 0.425,
        "weightedAverageShsOut": 1434410000,
        "weightedAverageShsOutDil": 1600242000,
        "link": "https://www.sec.gov/Archives/edgar/data/804328/000091205700047095/0000912057-00-047095-index.html",
        "finalLink": "https://www.sec.gov/Archives/edgar/data/804328/000091205700047095/a2029329z10-k.txt"
    },
    {
        "date": "1999-09-30",
        "symbol": "QCOM",
        "reportedCurrency": "USD",
        "cik": "0000804328",
        "fillingDate": "1999-09-30",
        "acceptedDate": "1999-09-29 20:00:00",
        "calendarYear": "1999",
        "period": "FY",
        "revenue": 3937299000,
        "costOfRevenue": 2485072000,
        "grossProfit": 1452227000,
        "grossProfitRatio": 0.36883838387686585,
        "researchAndDevelopmentExpenses": 381139000,
        "generalAndAdministrativeExpenses": 0,
        "sellingAndMarketingExpenses": 0,
        "sellingGeneralAndAdministrativeExpenses": 425941000,
        "otherExpenses": 240007000,
        "operatingExpenses": 1047087000,
        "costAndExpenses": 3532159000,
        "interestIncome": 0,
        "interestExpense": 0,
        "depreciationAndAmortization": 158429000,
        "ebitda": 465115000,
        "ebitdaratio": 0.11813047472391607,
        "operatingIncome": 405140000,
        "operatingIncomeRatio": 0.10289795110810736,
        "totalOtherIncomeExpensesNet": -98454000,
        "incomeBeforeTax": 306686000,
        "incomeBeforeTaxRatio": 0.07789248416236613,
        "incomeTaxExpense": 105807000,
        "netIncome": 200879000,
        "netIncomeRatio": 0.05101949331254751,
        "eps": 0.16875,
        "epsdiluted": 0.155,
        "weightedAverageShsOut": 1189424000,
        "weightedAverageShsOutDil": 1299776000,
        "link": "",
        "finalLink": ""
    },
    {
        "date": "1998-09-30",
        "symbol": "QCOM",
        "reportedCurrency": "USD",
        "cik": "0000804328",
        "fillingDate": "1998-09-30",
        "acceptedDate": "1998-09-29 20:00:00",
        "calendarYear": "1998",
        "period": "FY",
        "revenue": 3347870000,
        "costOfRevenue": 2333399000,
        "grossProfit": 1014471000,
        "grossProfitRatio": 0.3030198305191062,
        "researchAndDevelopmentExpenses": 349483000,
        "generalAndAdministrativeExpenses": 0,
        "sellingAndMarketingExpenses": 0,
        "sellingGeneralAndAdministrativeExpenses": 410347000,
        "otherExpenses": 11976000,
        "operatingExpenses": 771806000,
        "costAndExpenses": 3105205000,
        "interestIncome": 0,
        "interestExpense": 0,
        "depreciationAndAmortization": 141892000,
        "ebitda": 290566000,
        "ebitdaratio": 0.08679130312706287,
        "operatingIncome": 242665000,
        "operatingIncomeRatio": 0.07248339989306633,
        "totalOtherIncomeExpensesNet": -93991000,
        "incomeBeforeTax": 148674000,
        "incomeBeforeTaxRatio": 0.04440853438156201,
        "incomeTaxExpense": 40142000,
        "netIncome": 108532000,
        "netIncomeRatio": 0.03241822412459265,
        "eps": 0.098125,
        "epsdiluted": 0.091875,
        "weightedAverageShsOut": 1107248000,
        "weightedAverageShsOutDil": 1183392000,
        "link": "",
        "finalLink": ""
    },
    {
        "date": "1997-09-30",
        "symbol": "QCOM",
        "reportedCurrency": "USD",
        "cik": "0000804328",
        "fillingDate": "1997-09-30",
        "acceptedDate": "1997-09-29 20:00:00",
        "calendarYear": "1997",
        "period": "FY",
        "revenue": 2096365000,
        "costOfRevenue": 1518006000,
        "grossProfit": 578359000,
        "grossProfitRatio": 0.2758865941761096,
        "researchAndDevelopmentExpenses": 235922000,
        "generalAndAdministrativeExpenses": 0,
        "sellingAndMarketingExpenses": 0,
        "sellingGeneralAndAdministrativeExpenses": 236188000,
        "otherExpenses": 8792000,
        "operatingExpenses": 480902000,
        "costAndExpenses": 1998908000,
        "interestIncome": 0,
        "interestExpense": 0,
        "depreciationAndAmortization": 93598000,
        "ebitda": 202032000,
        "ebitdaratio": 0.0963725305469229,
        "operatingIncome": 97457000,
        "operatingIncomeRatio": 0.04648856472990152,
        "totalOtherIncomeExpensesNet": 10977000,
        "incomeBeforeTax": 108434000,
        "incomeBeforeTaxRatio": 0.0517247712111202,
        "incomeTaxExpense": 16500000,
        "netIncome": 91934000,
        "netIncomeRatio": 0.04385400443148021,
        "eps": 0.079375,
        "epsdiluted": 0.079375,
        "weightedAverageShsOut": 1158880000,
        "weightedAverageShsOutDil": 1162640000,
        "link": "",
        "finalLink": ""
    },
    {
        "date": "1996-09-30",
        "symbol": "QCOM",
        "reportedCurrency": "USD",
        "cik": "0000804328",
        "fillingDate": "1996-12-03",
        "acceptedDate": "1996-12-03 00:00:00",
        "calendarYear": "1996",
        "period": "FY",
        "revenue": 813900000,
        "costOfRevenue": 479100000,
        "grossProfit": 334800000,
        "grossProfitRatio": 0.41135274603759675,
        "researchAndDevelopmentExpenses": 162300000,
        "generalAndAdministrativeExpenses": 0,
        "sellingAndMarketingExpenses": 0,
        "sellingGeneralAndAdministrativeExpenses": 123100000,
        "otherExpenses": 56800000,
        "operatingExpenses": 342200000,
        "costAndExpenses": 821300000,
        "interestIncome": 0,
        "interestExpense": 0,
        "depreciationAndAmortization": 56800000,
        "ebitda": 83400000,
        "ebitdaratio": 0.10246959085882787,
        "operatingIncome": -7400000,
        "operatingIncomeRatio": -0.009092026047425974,
        "totalOtherIncomeExpensesNet": 34000000,
        "incomeBeforeTax": 26600000,
        "incomeBeforeTaxRatio": 0.032682147683990664,
        "incomeTaxExpense": 5600000,
        "netIncome": 21000000,
        "netIncomeRatio": 0.025801695539992626,
        "eps": 0.01875,
        "epsdiluted": 0.01875,
        "weightedAverageShsOut": 1123424000,
        "weightedAverageShsOutDil": 1127488000,
        "link": "https://www.sec.gov/Archives/edgar/data/804328/000093639296001149/0000936392-96-001149-index.html",
        "finalLink": "https://www.sec.gov/Archives/edgar/data/804328/0000936392-96-001149.txt"
    },
    {
        "date": "1995-09-30",
        "symbol": "QCOM",
        "reportedCurrency": "USD",
        "cik": "0000804328",
        "fillingDate": "1995-09-30",
        "acceptedDate": "1995-09-29 20:00:00",
        "calendarYear": "1995",
        "period": "FY",
        "revenue": 386600000,
        "costOfRevenue": 182300000,
        "grossProfit": 204300000,
        "grossProfitRatio": 0.5284531815830316,
        "researchAndDevelopmentExpenses": 80200000,
        "generalAndAdministrativeExpenses": 0,
        "sellingAndMarketingExpenses": 0,
        "sellingGeneralAndAdministrativeExpenses": 72700000,
        "otherExpenses": 30900000,
        "operatingExpenses": 183800000,
        "costAndExpenses": 366100000,
        "interestIncome": 0,
        "interestExpense": 0,
        "depreciationAndAmortization": 30900000,
        "ebitda": 70800000,
        "ebitdaratio": 0.18313502327987585,
        "operatingIncome": 20500000,
        "operatingIncomeRatio": 0.05302638385928608,
        "totalOtherIncomeExpensesNet": 19400000,
        "incomeBeforeTax": 39900000,
        "incomeBeforeTaxRatio": 0.10320744956026902,
        "incomeTaxExpense": 9700000,
        "netIncome": 30200000,
        "netIncomeRatio": 0.07811691670977755,
        "eps": 0.035,
        "epsdiluted": 0.035,
        "weightedAverageShsOut": 862857143,
        "weightedAverageShsOutDil": 862857143,
        "link": "",
        "finalLink": ""
    },
    {
        "date": "1994-09-30",
        "symbol": "QCOM",
        "reportedCurrency": "USD",
        "cik": "0000804328",
        "fillingDate": "1994-09-30",
        "acceptedDate": "1994-09-29 20:00:00",
        "calendarYear": "1994",
        "period": "FY",
        "revenue": 271600000,
        "costOfRevenue": 137900000,
        "grossProfit": 133700000,
        "grossProfitRatio": 0.49226804123711343,
        "researchAndDevelopmentExpenses": 49600000,
        "generalAndAdministrativeExpenses": 0,
        "sellingAndMarketingExpenses": 0,
        "sellingGeneralAndAdministrativeExpenses": 42400000,
        "otherExpenses": 18800000,
        "operatingExpenses": 110800000,
        "costAndExpenses": 248700000,
        "interestIncome": 0,
        "interestExpense": 0,
        "depreciationAndAmortization": 18800000,
        "ebitda": 36100000,
        "ebitdaratio": 0.1329160530191458,
        "operatingIncome": 22900000,
        "operatingIncomeRatio": 0.08431516936671576,
        "totalOtherIncomeExpensesNet": -5600000,
        "incomeBeforeTax": 17300000,
        "incomeBeforeTaxRatio": 0.06369661266568483,
        "incomeTaxExpense": 2100000,
        "netIncome": 15200000,
        "netIncomeRatio": 0.055964653902798235,
        "eps": 0.02,
        "epsdiluted": 0.02,
        "weightedAverageShsOut": 760000000,
        "weightedAverageShsOutDil": 760000000,
        "link": "",
        "finalLink": ""
    },
    {
        "date": "1993-09-30",
        "symbol": "QCOM",
        "reportedCurrency": "USD",
        "cik": "0000804328",
        "fillingDate": "1993-09-30",
        "acceptedDate": "1993-09-29 20:00:00",
        "calendarYear": "1993",
        "period": "FY",
        "revenue": 168700000,
        "costOfRevenue": 90800000,
        "grossProfit": 77900000,
        "grossProfitRatio": 0.46176644931831656,
        "researchAndDevelopmentExpenses": 0,
        "generalAndAdministrativeExpenses": 0,
        "sellingAndMarketingExpenses": 0,
        "sellingGeneralAndAdministrativeExpenses": 56100000,
        "otherExpenses": 9800000,
        "operatingExpenses": 65900000,
        "costAndExpenses": 156700000,
        "interestIncome": 0,
        "interestExpense": 0,
        "depreciationAndAmortization": 9800000,
        "ebitda": 22900000,
        "ebitdaratio": 0.13574392412566685,
        "operatingIncome": 12000000,
        "operatingIncomeRatio": 0.07113218731475993,
        "totalOtherIncomeExpensesNet": 1100000,
        "incomeBeforeTax": 13100000,
        "incomeBeforeTaxRatio": 0.07765263781861292,
        "incomeTaxExpense": 1000000,
        "netIncome": 12100000,
        "netIncomeRatio": 0.07172495554238292,
        "eps": 0.015,
        "epsdiluted": 0.015,
        "weightedAverageShsOut": 806666667,
        "weightedAverageShsOutDil": 806666667,
        "link": "",
        "finalLink": ""
    },
    {
        "date": "1992-09-30",
        "symbol": "QCOM",
        "reportedCurrency": "USD",
        "cik": "0000804328",
        "fillingDate": "1992-09-30",
        "acceptedDate": "1992-09-29 20:00:00",
        "calendarYear": "1992",
        "period": "FY",
        "revenue": 107500000,
        "costOfRevenue": 57900000,
        "grossProfit": 49600000,
        "grossProfitRatio": 0.4613953488372093,
        "researchAndDevelopmentExpenses": 0,
        "generalAndAdministrativeExpenses": 0,
        "sellingAndMarketingExpenses": 0,
        "sellingGeneralAndAdministrativeExpenses": 44400000,
        "otherExpenses": 7200000,
        "operatingExpenses": 51600000,
        "costAndExpenses": 109500000,
        "interestIncome": 0,
        "interestExpense": 0,
        "depreciationAndAmortization": 7200000,
        "ebitda": 3700000,
        "ebitdaratio": 0.03441860465116279,
        "operatingIncome": -2000000,
        "operatingIncomeRatio": -0.018604651162790697,
        "totalOtherIncomeExpensesNet": -1500000,
        "incomeBeforeTax": -3500000,
        "incomeBeforeTaxRatio": -0.03255813953488372,
        "incomeTaxExpense": 600000,
        "netIncome": -4100000,
        "netIncomeRatio": -0.03813953488372093,
        "eps": -0.01,
        "epsdiluted": -0.01,
        "weightedAverageShsOut": 700000000,
        "weightedAverageShsOutDil": 700000000,
        "link": "",
        "finalLink": ""
    },
    {
        "date": "1991-09-30",
        "symbol": "QCOM",
        "reportedCurrency": "USD",
        "cik": "0000804328",
        "fillingDate": "1991-09-30",
        "acceptedDate": "1991-09-29 20:00:00",
        "calendarYear": "1991",
        "period": "FY",
        "revenue": 90300000,
        "costOfRevenue": 53900000,
        "grossProfit": 36400000,
        "grossProfitRatio": 0.40310077519379844,
        "researchAndDevelopmentExpenses": 0,
        "generalAndAdministrativeExpenses": 0,
        "sellingAndMarketingExpenses": 0,
        "sellingGeneralAndAdministrativeExpenses": 36900000,
        "otherExpenses": 5800000,
        "operatingExpenses": 42700000,
        "costAndExpenses": 96600000,
        "interestIncome": 0,
        "interestExpense": 0,
        "depreciationAndAmortization": 5800000,
        "ebitda": -2600000,
        "ebitdaratio": -0.028792912513842746,
        "operatingIncome": -6300000,
        "operatingIncomeRatio": -0.06976744186046512,
        "totalOtherIncomeExpensesNet": 0,
        "incomeBeforeTax": 0,
        "incomeBeforeTaxRatio": 0,
        "incomeTaxExpense": 0,
        "netIncome": -8400000,
        "netIncomeRatio": -0.09302325581395349,
        "eps": -0.02,
        "epsdiluted": -0.02,
        "weightedAverageShsOut": 650640000,
        "weightedAverageShsOutDil": 650640000,
        "link": "",
        "finalLink": ""
    },
    {
        "date": "1990-09-30",
        "symbol": "QCOM",
        "reportedCurrency": "USD",
        "cik": "0000804328",
        "fillingDate": "1990-09-30",
        "acceptedDate": "1990-09-29 20:00:00",
        "calendarYear": "1990",
        "period": "FY",
        "revenue": 46500000,
        "costOfRevenue": 39300000,
        "grossProfit": 7200000,
        "grossProfitRatio": 0.15483870967741936,
        "researchAndDevelopmentExpenses": 0,
        "generalAndAdministrativeExpenses": 0,
        "sellingAndMarketingExpenses": 0,
        "sellingGeneralAndAdministrativeExpenses": 17500000,
        "otherExpenses": 5600000,
        "operatingExpenses": 23100000,
        "costAndExpenses": 62400000,
        "interestIncome": 0,
        "interestExpense": 0,
        "depreciationAndAmortization": 5600000,
        "ebitda": -11500000,
        "ebitdaratio": -0.24731182795698925,
        "operatingIncome": -15900000,
        "operatingIncomeRatio": -0.3419354838709677,
        "totalOtherIncomeExpensesNet": 0,
        "incomeBeforeTax": 0,
        "incomeBeforeTaxRatio": 0,
        "incomeTaxExpense": 0,
        "netIncome": -17100000,
        "netIncomeRatio": -0.36774193548387096,
        "eps": -0.035,
        "epsdiluted": -0.035,
        "weightedAverageShsOut": 488571429,
        "weightedAverageShsOutDil": 488571429,
        "link": "",
        "finalLink": ""
    }
]