[
    {
        "date": "2021-12-31",
        "symbol": "SLB",
        "reportedCurrency": "USD",
        "cik": "0000087347",
        "fillingDate": "2022-01-26",
        "acceptedDate": "2022-01-26 12:11:00",
        "calendarYear": "2021",
        "period": "FY",
        "revenue": 22929000000,
        "costOfRevenue": 19271000000,
        "grossProfit": 3658000000,
        "grossProfitRatio": 0.15953595882942997,
        "researchAndDevelopmentExpenses": 554000000,
        "generalAndAdministrativeExpenses": 339000000,
        "sellingAndMarketingExpenses": 0,
        "sellingGeneralAndAdministrativeExpenses": 339000000,
        "otherExpenses": 0,
        "operatingExpenses": 893000000,
        "costAndExpenses": 20164000000,
        "interestIncome": 33000000,
        "interestExpense": 539000000,
        "depreciationAndAmortization": 2120000000,
        "ebitda": 4986000000,
        "ebitdaratio": 0.21745387936674082,
        "operatingIncome": 2765000000,
        "operatingIncomeRatio": 0.12058964629944612,
        "totalOtherIncomeExpensesNet": -391000000,
        "incomeBeforeTax": 2374000000,
        "incomeBeforeTaxRatio": 0.10353700553883728,
        "incomeTaxExpense": 446000000,
        "netIncome": 1881000000,
        "netIncomeRatio": 0.08203584979720005,
        "eps": 1.341654778887304,
        "epsdiluted": 1.3209269662921348,
        "weightedAverageShsOut": 1402000000,
        "weightedAverageShsOutDil": 1424000000,
        "link": "https://www.sec.gov/Archives/edgar/data/87347/000156459022002421/0001564590-22-002421-index.htm",
        "finalLink": "https://www.sec.gov/Archives/edgar/data/87347/000156459022002421/slb-10k_20211231.htm"
    },
    {
        "date": "2020-12-31",
        "symbol": "SLB",
        "reportedCurrency": "USD",
        "cik": "0000087347",
        "fillingDate": "2021-01-27",
        "acceptedDate": "2021-01-27 09:53:12",
        "calendarYear": "2020",
        "period": "FY",
        "revenue": 23601000000,
        "costOfRevenue": 21000000000,
        "grossProfit": 2601000000,
        "grossProfitRatio": 0.11020719461039787,
        "researchAndDevelopmentExpenses": 580000000,
        "generalAndAdministrativeExpenses": 365000000,
        "sellingAndMarketingExpenses": 0,
        "sellingGeneralAndAdministrativeExpenses": 365000000,
        "otherExpenses": 0,
        "operatingExpenses": 945000000,
        "costAndExpenses": 21945000000,
        "interestIncome": 33000000,
        "interestExpense": 563000000,
        "depreciationAndAmortization": 2566000000,
        "ebitda": -8201000000,
        "ebitdaratio": -0.3474852760476251,
        "operatingIncome": 1656000000,
        "operatingIncomeRatio": 0.07016651836786576,
        "totalOtherIncomeExpensesNet": -12954000000,
        "incomeBeforeTax": -11298000000,
        "incomeBeforeTaxRatio": -0.47870852929960594,
        "incomeTaxExpense": -812000000,
        "netIncome": -10518000000,
        "netIncomeRatio": -0.44565908224227785,
        "eps": -7.566906,
        "epsdiluted": -7.57,
        "weightedAverageShsOut": 1390000000,
        "weightedAverageShsOutDil": 1390000000,
        "link": "https://www.sec.gov/Archives/edgar/data/87347/000156459021002477/0001564590-21-002477-index.htm",
        "finalLink": "https://www.sec.gov/Archives/edgar/data/87347/000156459021002477/slb-10k_20201231.htm"
    },
    {
        "date": "2019-12-31",
        "symbol": "SLB",
        "reportedCurrency": "USD",
        "cik": "0000087347",
        "fillingDate": "2020-01-22",
        "acceptedDate": "2020-01-22 11:46:23",
        "calendarYear": "2019",
        "period": "FY",
        "revenue": 32917000000,
        "costOfRevenue": 28720000000,
        "grossProfit": 4197000000,
        "grossProfitRatio": 0.12750250630373364,
        "researchAndDevelopmentExpenses": 717000000,
        "generalAndAdministrativeExpenses": 474000000,
        "sellingAndMarketingExpenses": 0,
        "sellingGeneralAndAdministrativeExpenses": 474000000,
        "otherExpenses": 0,
        "operatingExpenses": 1191000000,
        "costAndExpenses": 29911000000,
        "interestIncome": 41000000,
        "interestExpense": 609000000,
        "depreciationAndAmortization": 3589000000,
        "ebitda": -6250000000,
        "ebitdaratio": -0.18987149497220282,
        "operatingIncome": 3006000000,
        "operatingIncomeRatio": 0.09132059422183067,
        "totalOtherIncomeExpensesNet": -13424000000,
        "incomeBeforeTax": -10418000000,
        "incomeBeforeTaxRatio": -0.3164929975392654,
        "incomeTaxExpense": -311000000,
        "netIncome": -10137000000,
        "netIncomeRatio": -0.3079563751253152,
        "eps": -7.319134,
        "epsdiluted": -7.32,
        "weightedAverageShsOut": 1385000000,
        "weightedAverageShsOutDil": 1385000000,
        "link": "https://www.sec.gov/Archives/edgar/data/87347/000156459020001578/0001564590-20-001578-index.htm",
        "finalLink": "https://www.sec.gov/Archives/edgar/data/87347/000156459020001578/slb-10k_20191231.htm"
    },
    {
        "date": "2018-12-31",
        "symbol": "SLB",
        "reportedCurrency": "USD",
        "cik": "0000087347",
        "fillingDate": "2019-01-23",
        "acceptedDate": "2019-01-23 11:24:12",
        "calendarYear": "2018",
        "period": "FY",
        "revenue": 32815000000,
        "costOfRevenue": 28478000000,
        "grossProfit": 4337000000,
        "grossProfitRatio": 0.13216516836812434,
        "researchAndDevelopmentExpenses": 702000000,
        "generalAndAdministrativeExpenses": 444000000,
        "sellingAndMarketingExpenses": 0,
        "sellingGeneralAndAdministrativeExpenses": 444000000,
        "otherExpenses": 0,
        "operatingExpenses": 1146000000,
        "costAndExpenses": 29624000000,
        "interestIncome": 60000000,
        "interestExpense": 575000000,
        "depreciationAndAmortization": 3556000000,
        "ebitda": 6716000000,
        "ebitdaratio": 0.2046625019046168,
        "operatingIncome": 3191000000,
        "operatingIncomeRatio": 0.09724211488648483,
        "totalOtherIncomeExpensesNet": -567000000,
        "incomeBeforeTax": 2624000000,
        "incomeBeforeTaxRatio": 0.07996343135761085,
        "incomeTaxExpense": 447000000,
        "netIncome": 2138000000,
        "netIncomeRatio": 0.06515313119000457,
        "eps": 1.543682,
        "epsdiluted": 1.53,
        "weightedAverageShsOut": 1385000000,
        "weightedAverageShsOutDil": 1393000000,
        "link": "https://www.sec.gov/Archives/edgar/data/87347/000156459019000928/0001564590-19-000928-index.htm",
        "finalLink": "https://www.sec.gov/Archives/edgar/data/87347/000156459019000928/slb-10k_20181231.htm"
    },
    {
        "date": "2017-12-31",
        "symbol": "SLB",
        "reportedCurrency": "USD",
        "cik": "0000087347",
        "fillingDate": "2018-01-24",
        "acceptedDate": "2018-01-24 11:35:35",
        "calendarYear": "2017",
        "period": "FY",
        "revenue": 30440000000,
        "costOfRevenue": 26543000000,
        "grossProfit": 3897000000,
        "grossProfitRatio": 0.12802233902759527,
        "researchAndDevelopmentExpenses": 787000000,
        "generalAndAdministrativeExpenses": 432000000,
        "sellingAndMarketingExpenses": 0,
        "sellingGeneralAndAdministrativeExpenses": 432000000,
        "otherExpenses": 0,
        "operatingExpenses": 1219000000,
        "costAndExpenses": 27762000000,
        "interestIncome": 128000000,
        "interestExpense": 566000000,
        "depreciationAndAmortization": 3837000000,
        "ebitda": 3228000000,
        "ebitdaratio": 0.10604467805519054,
        "operatingIncome": 2678000000,
        "operatingIncomeRatio": 0.08797634691195795,
        "totalOtherIncomeExpensesNet": -3861000000,
        "incomeBeforeTax": -1183000000,
        "incomeBeforeTaxRatio": -0.03886333771353482,
        "incomeTaxExpense": 330000000,
        "netIncome": -1505000000,
        "netIncomeRatio": -0.049441524310118265,
        "eps": -1.084294,
        "epsdiluted": -1.084294,
        "weightedAverageShsOut": 1388000000,
        "weightedAverageShsOutDil": 1388000000,
        "link": "https://www.sec.gov/Archives/edgar/data/87347/000156459018000821/0001564590-18-000821-index.htm",
        "finalLink": "https://www.sec.gov/Archives/edgar/data/87347/000156459018000821/slb-10k_20171231.htm"
    },
    {
        "date": "2016-12-31",
        "symbol": "SLB",
        "reportedCurrency": "USD",
        "cik": "0000087347",
        "fillingDate": "2017-01-25",
        "acceptedDate": "2017-01-25 11:34:28",
        "calendarYear": "2016",
        "period": "FY",
        "revenue": 27810000000,
        "costOfRevenue": 24110000000,
        "grossProfit": 3700000000,
        "grossProfitRatio": 0.13304566702624954,
        "researchAndDevelopmentExpenses": 1012000000,
        "generalAndAdministrativeExpenses": 403000000,
        "sellingAndMarketingExpenses": 0,
        "sellingGeneralAndAdministrativeExpenses": 403000000,
        "otherExpenses": 0,
        "operatingExpenses": 1415000000,
        "costAndExpenses": 25525000000,
        "interestIncome": 110000000,
        "interestExpense": 570000000,
        "depreciationAndAmortization": 4094000000,
        "ebitda": 2699000000,
        "ebitdaratio": 0.09705142035239123,
        "operatingIncome": 2285000000,
        "operatingIncomeRatio": 0.08216468896080546,
        "totalOtherIncomeExpensesNet": -4190000000,
        "incomeBeforeTax": -1905000000,
        "incomeBeforeTaxRatio": -0.06850053937432578,
        "incomeTaxExpense": -278000000,
        "netIncome": -1687000000,
        "netIncomeRatio": -0.0606616325062927,
        "eps": -1.243183,
        "epsdiluted": -1.243183,
        "weightedAverageShsOut": 1357000000,
        "weightedAverageShsOutDil": 1357000000,
        "link": "https://www.sec.gov/Archives/edgar/data/87347/000156459017000589/0001564590-17-000589-index.htm",
        "finalLink": "https://www.sec.gov/Archives/edgar/data/87347/000156459017000589/slb-10k_20161231.htm"
    },
    {
        "date": "2015-12-31",
        "symbol": "SLB",
        "reportedCurrency": "USD",
        "cik": "0000087347",
        "fillingDate": "2016-01-27",
        "acceptedDate": "2016-01-27 10:33:17",
        "calendarYear": "2015",
        "period": "FY",
        "revenue": 35475000000,
        "costOfRevenue": 28321000000,
        "grossProfit": 7154000000,
        "grossProfitRatio": 0.2016631430584919,
        "researchAndDevelopmentExpenses": 1094000000,
        "generalAndAdministrativeExpenses": 494000000,
        "sellingAndMarketingExpenses": 0,
        "sellingGeneralAndAdministrativeExpenses": 494000000,
        "otherExpenses": 0,
        "operatingExpenses": 1588000000,
        "costAndExpenses": 29909000000,
        "interestIncome": 52000000,
        "interestExpense": 346000000,
        "depreciationAndAmortization": 4078000000,
        "ebitda": 7242000000,
        "ebitdaratio": 0.20414376321353064,
        "operatingIncome": 5566000000,
        "operatingIncomeRatio": 0.15689922480620155,
        "totalOtherIncomeExpensesNet": -2685000000,
        "incomeBeforeTax": 2881000000,
        "incomeBeforeTaxRatio": 0.08121212121212121,
        "incomeTaxExpense": 746000000,
        "netIncome": 2072000000,
        "netIncomeRatio": 0.05840732910500352,
        "eps": 1.649198,
        "epsdiluted": 1.63,
        "weightedAverageShsOut": 1256367980,
        "weightedAverageShsOutDil": 1271165644,
        "link": "https://www.sec.gov/Archives/edgar/data/87347/000156459016012009/0001564590-16-012009-index.htm",
        "finalLink": "https://www.sec.gov/Archives/edgar/data/87347/000156459016012009/slb-10k_20151231.htm"
    },
    {
        "date": "2014-12-31",
        "symbol": "SLB",
        "reportedCurrency": "USD",
        "cik": "0000087347",
        "fillingDate": "2015-01-29",
        "acceptedDate": "2015-01-29 06:05:46",
        "calendarYear": "2014",
        "period": "FY",
        "revenue": 48580000000,
        "costOfRevenue": 37398000000,
        "grossProfit": 11182000000,
        "grossProfitRatio": 0.23017702758336764,
        "researchAndDevelopmentExpenses": 1217000000,
        "generalAndAdministrativeExpenses": 475000000,
        "sellingAndMarketingExpenses": 0,
        "sellingGeneralAndAdministrativeExpenses": 475000000,
        "otherExpenses": 0,
        "operatingExpenses": 1692000000,
        "costAndExpenses": 39090000000,
        "interestIncome": 51000000,
        "interestExpense": 369000000,
        "depreciationAndAmortization": 4094000000,
        "ebitda": 11829000000,
        "ebitdaratio": 0.24349526554137504,
        "operatingIncome": 9490000000,
        "operatingIncomeRatio": 0.19534787978592014,
        "totalOtherIncomeExpensesNet": -1851000000,
        "incomeBeforeTax": 7639000000,
        "incomeBeforeTaxRatio": 0.15724578015644297,
        "incomeTaxExpense": 1928000000,
        "netIncome": 5438000000,
        "netIncomeRatio": 0.11193906957595719,
        "eps": 4.199228,
        "epsdiluted": 4.16,
        "weightedAverageShsOut": 1295000000,
        "weightedAverageShsOutDil": 1308000000,
        "link": "https://www.sec.gov/Archives/edgar/data/87347/000156459015000337/0001564590-15-000337-index.htm",
        "finalLink": "https://www.sec.gov/Archives/edgar/data/87347/000156459015000337/slb-10k_20141231.htm"
    },
    {
        "date": "2013-12-31",
        "symbol": "SLB",
        "reportedCurrency": "USD",
        "cik": "0000087347",
        "fillingDate": "2014-01-31",
        "acceptedDate": "2014-01-31 08:41:08",
        "calendarYear": "2013",
        "period": "FY",
        "revenue": 45266000000,
        "costOfRevenue": 35331000000,
        "grossProfit": 9935000000,
        "grossProfitRatio": 0.21948040471877348,
        "researchAndDevelopmentExpenses": 1174000000,
        "generalAndAdministrativeExpenses": 416000000,
        "sellingAndMarketingExpenses": 0,
        "sellingGeneralAndAdministrativeExpenses": 416000000,
        "otherExpenses": 0,
        "operatingExpenses": 1590000000,
        "costAndExpenses": 36921000000,
        "interestIncome": 33000000,
        "interestExpense": 391000000,
        "depreciationAndAmortization": 3666000000,
        "ebitda": 12637000000,
        "ebitdaratio": 0.2791720054787258,
        "operatingIncome": 8345000000,
        "operatingIncomeRatio": 0.1843547033093271,
        "totalOtherIncomeExpensesNet": 346000000,
        "incomeBeforeTax": 8691000000,
        "incomeBeforeTaxRatio": 0.19199840940220034,
        "incomeTaxExpense": 1848000000,
        "netIncome": 6732000000,
        "netIncomeRatio": 0.14872089426942958,
        "eps": 5.088435,
        "epsdiluted": 5.05,
        "weightedAverageShsOut": 1323000000,
        "weightedAverageShsOutDil": 1333000000,
        "link": "https://www.sec.gov/Archives/edgar/data/87347/000156459014000090/0001564590-14-000090-index.htm",
        "finalLink": "https://www.sec.gov/Archives/edgar/data/87347/000156459014000090/slb-10k_20131231.htm"
    },
    {
        "date": "2012-12-31",
        "symbol": "SLB",
        "reportedCurrency": "USD",
        "cik": "0000087347",
        "fillingDate": "2013-01-31",
        "acceptedDate": "2013-01-31 12:24:54",
        "calendarYear": "2012",
        "period": "FY",
        "revenue": 42149000000,
        "costOfRevenue": 33056000000,
        "grossProfit": 9093000000,
        "grossProfitRatio": 0.215734655626468,
        "researchAndDevelopmentExpenses": 1168000000,
        "generalAndAdministrativeExpenses": 405000000,
        "sellingAndMarketingExpenses": 0,
        "sellingGeneralAndAdministrativeExpenses": 405000000,
        "otherExpenses": 0,
        "operatingExpenses": 1573000000,
        "costAndExpenses": 34629000000,
        "interestIncome": 30000000,
        "interestExpense": 340000000,
        "depreciationAndAmortization": 3500000000,
        "ebitda": 11053000000,
        "ebitdaratio": 0.26223635198937106,
        "operatingIncome": 7520000000,
        "operatingIncomeRatio": 0.1784146717597096,
        "totalOtherIncomeExpensesNet": -329000000,
        "incomeBeforeTax": 7191000000,
        "incomeBeforeTaxRatio": 0.1706090298702223,
        "incomeTaxExpense": 1723000000,
        "netIncome": 5490000000,
        "netIncomeRatio": 0.1302522005267029,
        "eps": 4.12782,
        "epsdiluted": 4.1,
        "weightedAverageShsOut": 1330000000,
        "weightedAverageShsOutDil": 1339000000,
        "link": "https://www.sec.gov/Archives/edgar/data/87347/000119312513031766/0001193125-13-031766-index.htm",
        "finalLink": "https://www.sec.gov/Archives/edgar/data/87347/000119312513031766/d456349d10k.htm"
    },
    {
        "date": "2011-12-31",
        "symbol": "SLB",
        "reportedCurrency": "USD",
        "cik": "0000087347",
        "fillingDate": "2012-02-01",
        "acceptedDate": "2012-02-01 16:29:21",
        "calendarYear": "2011",
        "period": "FY",
        "revenue": 39540000000,
        "costOfRevenue": 31418000000,
        "grossProfit": 8122000000,
        "grossProfitRatio": 0.20541224076884168,
        "researchAndDevelopmentExpenses": 1073000000,
        "generalAndAdministrativeExpenses": 427000000,
        "sellingAndMarketingExpenses": 0,
        "sellingGeneralAndAdministrativeExpenses": 427000000,
        "otherExpenses": 0,
        "operatingExpenses": 1500000000,
        "costAndExpenses": 32918000000,
        "interestIncome": 40000000,
        "interestExpense": 298000000,
        "depreciationAndAmortization": 3281000000,
        "ebitda": 10121000000,
        "ebitdaratio": 0.2559686393525544,
        "operatingIncome": 6622000000,
        "operatingIncomeRatio": 0.16747597369752149,
        "totalOtherIncomeExpensesNet": -284000000,
        "incomeBeforeTax": 6338000000,
        "incomeBeforeTaxRatio": 0.16029337379868489,
        "incomeTaxExpense": 1545000000,
        "netIncome": 4997000000,
        "netIncomeRatio": 0.12637835103692463,
        "eps": 3.71,
        "epsdiluted": 3.67,
        "weightedAverageShsOut": 1349000000,
        "weightedAverageShsOutDil": 1361000000,
        "link": "https://www.sec.gov/Archives/edgar/data/87347/000119312512034426/0001193125-12-034426-index.htm",
        "finalLink": "https://www.sec.gov/Archives/edgar/data/87347/000119312512034426/d272746d10k.htm"
    },
    {
        "date": "2010-12-31",
        "symbol": "SLB",
        "reportedCurrency": "USD",
        "cik": "0000087347",
        "fillingDate": "2011-02-04",
        "acceptedDate": "2011-02-04 13:27:09",
        "calendarYear": "2010",
        "period": "FY",
        "revenue": 27447000000,
        "costOfRevenue": 21499000000,
        "grossProfit": 5948000000,
        "grossProfitRatio": 0.21670856559915475,
        "researchAndDevelopmentExpenses": 919000000,
        "generalAndAdministrativeExpenses": 650000000,
        "sellingAndMarketingExpenses": 0,
        "sellingGeneralAndAdministrativeExpenses": 650000000,
        "otherExpenses": 0,
        "operatingExpenses": 1569000000,
        "costAndExpenses": 23068000000,
        "interestIncome": 50000000,
        "interestExpense": 207000000,
        "depreciationAndAmortization": 2759000000,
        "ebitda": 8123000000,
        "ebitdaratio": 0.29595219878310924,
        "operatingIncome": 4379000000,
        "operatingIncomeRatio": 0.15954384814369513,
        "totalOtherIncomeExpensesNet": 777000000,
        "incomeBeforeTax": 5156000000,
        "incomeBeforeTaxRatio": 0.18785295296389404,
        "incomeTaxExpense": 890000000,
        "netIncome": 4267000000,
        "netIncomeRatio": 0.15546325645790068,
        "eps": 3.41,
        "epsdiluted": 3.38,
        "weightedAverageShsOut": 1250000000,
        "weightedAverageShsOutDil": 1263000000,
        "link": "https://www.sec.gov/Archives/edgar/data/87347/000095012311009144/0000950123-11-009144-index.htm",
        "finalLink": "https://www.sec.gov/Archives/edgar/data/87347/000095012311009144/h77795e10vk.htm"
    },
    {
        "date": "2009-12-31",
        "symbol": "SLB",
        "reportedCurrency": "USD",
        "cik": "0000087347",
        "fillingDate": "2010-02-05",
        "acceptedDate": "2010-02-05 12:31:59",
        "calendarYear": "2009",
        "period": "FY",
        "revenue": 22705000000,
        "costOfRevenue": 17395000000,
        "grossProfit": 5310000000,
        "grossProfitRatio": 0.2338691918079718,
        "researchAndDevelopmentExpenses": 802000000,
        "generalAndAdministrativeExpenses": 535000000,
        "sellingAndMarketingExpenses": 88000000,
        "sellingGeneralAndAdministrativeExpenses": 623000000,
        "otherExpenses": 0,
        "operatingExpenses": 1425000000,
        "costAndExpenses": 18820000000,
        "interestIncome": 61000000,
        "interestExpense": 221000000,
        "depreciationAndAmortization": 2476000000,
        "ebitda": 6601000000,
        "ebitdaratio": 0.2907289143360493,
        "operatingIncome": 3885000000,
        "operatingIncomeRatio": 0.17110768553182118,
        "totalOtherIncomeExpensesNet": 49000000,
        "incomeBeforeTax": 3934000000,
        "incomeBeforeTaxRatio": 0.1732658004844748,
        "incomeTaxExpense": 770000000,
        "netIncome": 3134000000,
        "netIncomeRatio": 0.13803127064523232,
        "eps": 2.59,
        "epsdiluted": 2.59,
        "weightedAverageShsOut": 1198000000,
        "weightedAverageShsOutDil": 1214000000,
        "link": "https://www.sec.gov/Archives/edgar/data/87347/000119312510023041/0001193125-10-023041-index.htm",
        "finalLink": "https://www.sec.gov/Archives/edgar/data/87347/000119312510023041/d10k.htm"
    },
    {
        "date": "2008-12-31",
        "symbol": "SLB",
        "reportedCurrency": "USD",
        "cik": "0000087347",
        "fillingDate": "2009-02-11",
        "acceptedDate": "2009-02-11 10:31:08",
        "calendarYear": "2008",
        "period": "FY",
        "revenue": 27152767000,
        "costOfRevenue": 18967031000,
        "grossProfit": 8185736000,
        "grossProfitRatio": 0.3014696807879654,
        "researchAndDevelopmentExpenses": 818791000,
        "generalAndAdministrativeExpenses": 584118000,
        "sellingAndMarketingExpenses": 95120000,
        "sellingGeneralAndAdministrativeExpenses": 679238000,
        "otherExpenses": 0,
        "operatingExpenses": 1498029000,
        "costAndExpenses": 20465060000,
        "interestIncome": 119000000,
        "interestExpense": 247252000,
        "depreciationAndAmortization": 2268508000,
        "ebitda": 9380685000,
        "ebitdaratio": 0.34547805017440764,
        "operatingIncome": 6687707000,
        "operatingIncomeRatio": 0.2462992813955204,
        "totalOtherIncomeExpensesNet": 164748000,
        "incomeBeforeTax": 6852455000,
        "incomeBeforeTaxRatio": 0.2523667293281749,
        "incomeTaxExpense": 1430124000,
        "netIncome": 5434801000,
        "netIncomeRatio": 0.20015643341247688,
        "eps": 4.54,
        "epsdiluted": 4.45,
        "weightedAverageShsOut": 1196237000,
        "weightedAverageShsOutDil": 1223894000,
        "link": "https://www.sec.gov/Archives/edgar/data/87347/000119312509024868/0001193125-09-024868-index.htm",
        "finalLink": "https://www.sec.gov/Archives/edgar/data/87347/000119312509024868/d10k.htm"
    },
    {
        "date": "2007-12-31",
        "symbol": "SLB",
        "reportedCurrency": "USD",
        "cik": "0000087347",
        "fillingDate": "2008-02-13",
        "acceptedDate": "2008-02-13 15:07:43",
        "calendarYear": "2007",
        "period": "FY",
        "revenue": 23276542000,
        "costOfRevenue": 15481746000,
        "grossProfit": 7794796000,
        "grossProfitRatio": 0.33487774945264637,
        "researchAndDevelopmentExpenses": 728491000,
        "generalAndAdministrativeExpenses": 598793000,
        "sellingAndMarketingExpenses": 0,
        "sellingGeneralAndAdministrativeExpenses": 598793000,
        "otherExpenses": 0,
        "operatingExpenses": 1327284000,
        "costAndExpenses": 16809030000,
        "interestIncome": 0,
        "interestExpense": 0,
        "depreciationAndAmortization": 1953987000,
        "ebitda": 8578436000,
        "ebitdaratio": 0.36854426228775733,
        "operatingIncome": 6467512000,
        "operatingIncomeRatio": 0.27785536184885196,
        "totalOtherIncomeExpensesNet": 156937000,
        "incomeBeforeTax": 6624449000,
        "incomeBeforeTaxRatio": 0.2845976434128403,
        "incomeTaxExpense": 1447933000,
        "netIncome": 5176516000,
        "netIncomeRatio": 0.22239196870394237,
        "eps": 4.36,
        "epsdiluted": 4.2,
        "weightedAverageShsOut": 1187944000,
        "weightedAverageShsOutDil": 1238675000,
        "link": "https://www.sec.gov/Archives/edgar/data/87347/000119312508029168/0001193125-08-029168-index.htm",
        "finalLink": "https://www.sec.gov/Archives/edgar/data/87347/000119312508029168/d10k.htm"
    },
    {
        "date": "2006-12-31",
        "symbol": "SLB",
        "reportedCurrency": "USD",
        "cik": "0000087347",
        "fillingDate": "2007-02-16",
        "acceptedDate": "2007-02-16 10:23:34",
        "calendarYear": "2006",
        "period": "FY",
        "revenue": 19230478000,
        "costOfRevenue": 13214043000,
        "grossProfit": 6016435000,
        "grossProfitRatio": 0.31285935794211667,
        "researchAndDevelopmentExpenses": 619316000,
        "generalAndAdministrativeExpenses": 500761000,
        "sellingAndMarketingExpenses": 0,
        "sellingGeneralAndAdministrativeExpenses": 500761000,
        "otherExpenses": 0,
        "operatingExpenses": 1120077000,
        "costAndExpenses": 14334120000,
        "interestIncome": 0,
        "interestExpense": 0,
        "depreciationAndAmortization": 1561410000,
        "ebitda": 6460829000,
        "ebitdaratio": 0.33596819590235877,
        "operatingIncome": 4896358000,
        "operatingIncomeRatio": 0.25461447188156217,
        "totalOtherIncomeExpensesNet": 51800000,
        "incomeBeforeTax": 4948158000,
        "incomeBeforeTaxRatio": 0.25730811267405834,
        "incomeTaxExpense": 1189568000,
        "netIncome": 3709851000,
        "netIncomeRatio": 0.1929151735073876,
        "eps": 3.14,
        "epsdiluted": 3.01,
        "weightedAverageShsOut": 1181683000,
        "weightedAverageShsOutDil": 1242196000,
        "link": "https://www.sec.gov/Archives/edgar/data/87347/000119312507033647/0001193125-07-033647-index.htm",
        "finalLink": "https://www.sec.gov/Archives/edgar/data/87347/000119312507033647/d10k.htm"
    },
    {
        "date": "2005-12-31",
        "symbol": "SLB",
        "reportedCurrency": "USD",
        "cik": "0000087347",
        "fillingDate": "2006-02-24",
        "acceptedDate": "2006-02-23 18:04:09",
        "calendarYear": "2005",
        "period": "FY",
        "revenue": 14309182000,
        "costOfRevenue": 10623096000,
        "grossProfit": 3686086000,
        "grossProfitRatio": 0.25760284550158075,
        "researchAndDevelopmentExpenses": 505513000,
        "generalAndAdministrativeExpenses": 419522000,
        "sellingAndMarketingExpenses": 0,
        "sellingGeneralAndAdministrativeExpenses": 419522000,
        "otherExpenses": 0,
        "operatingExpenses": 925035000,
        "costAndExpenses": 11548131000,
        "interestIncome": 0,
        "interestExpense": 0,
        "depreciationAndAmortization": 1350969000,
        "ebitda": 4239863000,
        "ebitdaratio": 0.29630366012536563,
        "operatingIncome": 2761051000,
        "operatingIncomeRatio": 0.1929565924872575,
        "totalOtherIncomeExpensesNet": 210679000,
        "incomeBeforeTax": 2971730000,
        "incomeBeforeTaxRatio": 0.2076799358621618,
        "incomeTaxExpense": 681927000,
        "netIncome": 2206967000,
        "netIncomeRatio": 0.15423432310805746,
        "eps": 1.875,
        "epsdiluted": 1.82,
        "weightedAverageShsOut": 1178576000,
        "weightedAverageShsOutDil": 1229716000,
        "link": "https://www.sec.gov/Archives/edgar/data/87347/000119312506037849/0001193125-06-037849-index.htm",
        "finalLink": "https://www.sec.gov/Archives/edgar/data/87347/000119312506037849/d10k.htm"
    },
    {
        "date": "2004-12-31",
        "symbol": "SLB",
        "reportedCurrency": "USD",
        "cik": "0000087347",
        "fillingDate": "2005-03-04",
        "acceptedDate": "2005-03-03 21:18:24",
        "calendarYear": "2004",
        "period": "FY",
        "revenue": 11480165000,
        "costOfRevenue": 9041972000,
        "grossProfit": 2438193000,
        "grossProfitRatio": 0.2123830972812673,
        "researchAndDevelopmentExpenses": 467354000,
        "generalAndAdministrativeExpenses": 384758000,
        "sellingAndMarketingExpenses": 0,
        "sellingGeneralAndAdministrativeExpenses": 384758000,
        "otherExpenses": 0,
        "operatingExpenses": 852112000,
        "costAndExpenses": 9894084000,
        "interestIncome": 0,
        "interestExpense": 0,
        "depreciationAndAmortization": 1307931000,
        "ebitda": 2808750000,
        "ebitdaratio": 0.24466111767557347,
        "operatingIncome": 1586081000,
        "operatingIncomeRatio": 0.13815838012781176,
        "totalOtherIncomeExpensesNet": -258644000,
        "incomeBeforeTax": 1327437000,
        "incomeBeforeTaxRatio": 0.11562873878554882,
        "incomeTaxExpense": 276949000,
        "netIncome": 1223870000,
        "netIncomeRatio": 0.10660735276888442,
        "eps": 1.04,
        "epsdiluted": 1.02,
        "weightedAverageShsOut": 1178178000,
        "weightedAverageShsOutDil": 1225744000,
        "link": "https://www.sec.gov/Archives/edgar/data/87347/000119312505041937/0001193125-05-041937-index.htm",
        "finalLink": "https://www.sec.gov/Archives/edgar/data/87347/000119312505041937/d10k.htm"
    },
    {
        "date": "2003-12-31",
        "symbol": "SLB",
        "reportedCurrency": "USD",
        "cik": "0000087347",
        "fillingDate": "2004-03-03",
        "acceptedDate": "2004-03-03 17:05:04",
        "calendarYear": "2003",
        "period": "FY",
        "revenue": 14059097000,
        "costOfRevenue": 11419873000,
        "grossProfit": 2639224000,
        "grossProfitRatio": 0.1877235785484658,
        "researchAndDevelopmentExpenses": 556124000,
        "generalAndAdministrativeExpenses": 1013220000,
        "sellingAndMarketingExpenses": 0,
        "sellingGeneralAndAdministrativeExpenses": 1013220000,
        "otherExpenses": 0,
        "operatingExpenses": 1569344000,
        "costAndExpenses": 12989217000,
        "interestIncome": 0,
        "interestExpense": 0,
        "depreciationAndAmortization": 1570851000,
        "ebitda": 2163239000,
        "ebitdaratio": 0.15386756347153732,
        "operatingIncome": 1069880000,
        "operatingIncomeRatio": 0.0760987707816512,
        "totalOtherIncomeExpensesNet": -502137000,
        "incomeBeforeTax": 567743000,
        "incomeBeforeTaxRatio": 0.04038260778768366,
        "incomeTaxExpense": 209386000,
        "netIncome": 383002000,
        "netIncomeRatio": 0.02724229016984519,
        "eps": 0.33,
        "epsdiluted": 0.33,
        "weightedAverageShsOut": 1167808000,
        "weightedAverageShsOutDil": 1172982000,
        "link": "https://www.sec.gov/Archives/edgar/data/87347/000119312504033890/0001193125-04-033890-index.htm",
        "finalLink": "https://www.sec.gov/Archives/edgar/data/87347/000119312504033890/d10k.htm"
    },
    {
        "date": "2002-12-31",
        "symbol": "SLB",
        "reportedCurrency": "USD",
        "cik": "0000087347",
        "fillingDate": "2003-02-27",
        "acceptedDate": "2003-02-27 17:26:22",
        "calendarYear": "2002",
        "period": "FY",
        "revenue": 13612730000,
        "costOfRevenue": 13759257000,
        "grossProfit": -146527000,
        "grossProfitRatio": -0.010763968726331896,
        "researchAndDevelopmentExpenses": 650038000,
        "generalAndAdministrativeExpenses": 1065748000,
        "sellingAndMarketingExpenses": 0,
        "sellingGeneralAndAdministrativeExpenses": 1065748000,
        "otherExpenses": 0,
        "operatingExpenses": 1715786000,
        "costAndExpenses": 15475043000,
        "interestIncome": 0,
        "interestExpense": 0,
        "depreciationAndAmortization": 1545053000,
        "ebitda": -495820000,
        "ebitdaratio": -0.036423259698826024,
        "operatingIncome": -1862313000,
        "operatingIncomeRatio": -0.13680672429409824,
        "totalOtherIncomeExpensesNet": -367973000,
        "incomeBeforeTax": -2230286000,
        "incomeBeforeTaxRatio": -0.16383826021672362,
        "incomeTaxExpense": 279122000,
        "netIncome": -2319995000,
        "netIncomeRatio": -0.17042834170662313,
        "eps": -2.005,
        "epsdiluted": -2.005,
        "weightedAverageShsOut": 1157176000,
        "weightedAverageShsOutDil": 1157176000,
        "link": "https://www.sec.gov/Archives/edgar/data/87347/000095013003001530/0000950130-03-001530-index.htm",
        "finalLink": "https://www.sec.gov/Archives/edgar/data/87347/000095013003001530/d10k.htm"
    },
    {
        "date": "2001-12-31",
        "symbol": "SLB",
        "reportedCurrency": "USD",
        "cik": "0000087347",
        "fillingDate": "2002-02-28",
        "acceptedDate": "2002-02-28 00:00:00",
        "calendarYear": "2001",
        "period": "FY",
        "revenue": 13988064000,
        "costOfRevenue": 10641768000,
        "grossProfit": 3346296000,
        "grossProfitRatio": 0.23922509934183886,
        "researchAndDevelopmentExpenses": 704336000,
        "generalAndAdministrativeExpenses": 1130878000,
        "sellingAndMarketingExpenses": 0,
        "sellingGeneralAndAdministrativeExpenses": 1130878000,
        "otherExpenses": 0,
        "operatingExpenses": 1835214000,
        "costAndExpenses": 12476982000,
        "interestIncome": 0,
        "interestExpense": 0,
        "depreciationAndAmortization": 1896119000,
        "ebitda": 2993760000,
        "ebitdaratio": 0.214022469442519,
        "operatingIncome": 1511082000,
        "operatingIncomeRatio": 0.10802652890349944,
        "totalOtherIncomeExpensesNet": -384896000,
        "incomeBeforeTax": 1126186000,
        "incomeBeforeTaxRatio": 0.08051049809323149,
        "incomeTaxExpense": 575424000,
        "netIncome": 522217000,
        "netIncomeRatio": 0.03733304337183473,
        "eps": 0.455,
        "epsdiluted": 0.455,
        "weightedAverageShsOut": 1148656000,
        "weightedAverageShsOutDil": 1160428000,
        "link": "https://www.sec.gov/Archives/edgar/data/87347/000095013002001199/0000950130-02-001199-index.htm",
        "finalLink": "https://www.sec.gov/Archives/edgar/data/87347/000095013002001199/d10k405.txt"
    },
    {
        "date": "2000-12-31",
        "symbol": "SLB",
        "reportedCurrency": "USD",
        "cik": "0000087347",
        "fillingDate": "2001-03-13",
        "acceptedDate": "2001-03-13 00:00:00",
        "calendarYear": "2000",
        "period": "FY",
        "revenue": 9611462000,
        "costOfRevenue": 7371542000,
        "grossProfit": 2239920000,
        "grossProfitRatio": 0.23304675188852642,
        "researchAndDevelopmentExpenses": 540698000,
        "generalAndAdministrativeExpenses": 885715000,
        "sellingAndMarketingExpenses": 0,
        "sellingGeneralAndAdministrativeExpenses": 885715000,
        "otherExpenses": 0,
        "operatingExpenses": 1426413000,
        "costAndExpenses": 8797955000,
        "interestIncome": 0,
        "interestExpense": 0,
        "depreciationAndAmortization": 1270754000,
        "ebitda": 2233598000,
        "ebitdaratio": 0.23238899555551487,
        "operatingIncome": 813507000,
        "operatingIncomeRatio": 0.08463925675407134,
        "totalOtherIncomeExpensesNet": 147174000,
        "incomeBeforeTax": 960681000,
        "incomeBeforeTaxRatio": 0.09995159945490083,
        "incomeTaxExpense": 228248000,
        "netIncome": 734596000,
        "netIncomeRatio": 0.07642916343007963,
        "eps": 0.645,
        "epsdiluted": 0.635,
        "weightedAverageShsOut": 1140056000,
        "weightedAverageShsOutDil": 1160152000,
        "link": "https://www.sec.gov/Archives/edgar/data/87347/000095013001001290/0000950130-01-001290-index.htm",
        "finalLink": "https://www.sec.gov/Archives/edgar/data/87347/000095013001001290/0000950130-01-001290-0001.txt"
    },
    {
        "date": "1999-12-31",
        "symbol": "SLB",
        "reportedCurrency": "USD",
        "cik": "0000087347",
        "fillingDate": "1999-12-31",
        "acceptedDate": "1999-12-30 19:00:00",
        "calendarYear": "1999",
        "period": "FY",
        "revenue": 8394900000,
        "costOfRevenue": 6748800000,
        "grossProfit": 1646100000,
        "grossProfitRatio": 0.19608333631133187,
        "researchAndDevelopmentExpenses": 522200000,
        "generalAndAdministrativeExpenses": 817600000,
        "sellingAndMarketingExpenses": 0,
        "sellingGeneralAndAdministrativeExpenses": 817600000,
        "otherExpenses": 0,
        "operatingExpenses": 1339800000,
        "costAndExpenses": 8088600000,
        "interestIncome": 0,
        "interestExpense": 0,
        "depreciationAndAmortization": 1020900000,
        "ebitda": 1528400000,
        "ebitdaratio": 0.18206291915329545,
        "operatingIncome": 306300000,
        "operatingIncomeRatio": 0.03648643819461816,
        "totalOtherIncomeExpensesNet": 163800000,
        "incomeBeforeTax": 470100000,
        "incomeBeforeTaxRatio": 0.05599828467283708,
        "incomeTaxExpense": 140800000,
        "netIncome": 366700000,
        "netIncomeRatio": 0.04368128268353405,
        "eps": 0.335,
        "epsdiluted": 0.325,
        "weightedAverageShsOut": 1097360000,
        "weightedAverageShsOutDil": 1127578000,
        "link": "",
        "finalLink": ""
    },
    {
        "date": "1998-12-31",
        "symbol": "SLB",
        "reportedCurrency": "USD",
        "cik": "0000087347",
        "fillingDate": "1998-12-31",
        "acceptedDate": "1998-12-30 19:00:00",
        "calendarYear": "1998",
        "period": "FY",
        "revenue": 11815600000,
        "costOfRevenue": 9034400000,
        "grossProfit": 2781200000,
        "grossProfitRatio": 0.23538372998408882,
        "researchAndDevelopmentExpenses": 568200000,
        "generalAndAdministrativeExpenses": 921600000,
        "sellingAndMarketingExpenses": 0,
        "sellingGeneralAndAdministrativeExpenses": 921600000,
        "otherExpenses": 0,
        "operatingExpenses": 1489800000,
        "costAndExpenses": 10524200000,
        "interestIncome": 0,
        "interestExpense": 0,
        "depreciationAndAmortization": 1136300000,
        "ebitda": 2459200000,
        "ebitdaratio": 0.20813162260062967,
        "operatingIncome": 1291400000,
        "operatingIncomeRatio": 0.10929618470496631,
        "totalOtherIncomeExpensesNet": 31500000,
        "incomeBeforeTax": 1322900000,
        "incomeBeforeTaxRatio": 0.11196215173160906,
        "incomeTaxExpense": 308700000,
        "netIncome": 1014200000,
        "netIncomeRatio": 0.08583567487051018,
        "eps": 0.935,
        "epsdiluted": 0.905,
        "weightedAverageShsOut": 1088676000,
        "weightedAverageShsOutDil": 1123710000,
        "link": "",
        "finalLink": ""
    },
    {
        "date": "1997-12-31",
        "symbol": "SLB",
        "reportedCurrency": "USD",
        "cik": "0000087347",
        "fillingDate": "1997-12-31",
        "acceptedDate": "1997-12-30 19:00:00",
        "calendarYear": "1997",
        "period": "FY",
        "revenue": 10647600000,
        "costOfRevenue": 7837000000,
        "grossProfit": 2810600000,
        "grossProfitRatio": 0.26396558848942486,
        "researchAndDevelopmentExpenses": 486200000,
        "generalAndAdministrativeExpenses": 676100000,
        "sellingAndMarketingExpenses": 0,
        "sellingGeneralAndAdministrativeExpenses": 676100000,
        "otherExpenses": 0,
        "operatingExpenses": 1162300000,
        "costAndExpenses": 8999300000,
        "interestIncome": 0,
        "interestExpense": 0,
        "depreciationAndAmortization": 972500000,
        "ebitda": 2640900000,
        "ebitdaratio": 0.2480277245576468,
        "operatingIncome": 1648300000,
        "operatingIncomeRatio": 0.15480483864908523,
        "totalOtherIncomeExpensesNet": 20100000,
        "incomeBeforeTax": 1668400000,
        "incomeBeforeTaxRatio": 0.15669258800105187,
        "incomeTaxExpense": 372700000,
        "netIncome": 1295700000,
        "netIncomeRatio": 0.12168939479319284,
        "eps": 1.31,
        "epsdiluted": 1.26,
        "weightedAverageShsOut": 990430000,
        "weightedAverageShsOutDil": 1028690000,
        "link": "",
        "finalLink": ""
    },
    {
        "date": "1996-12-31",
        "symbol": "SLB",
        "reportedCurrency": "USD",
        "cik": "0000087347",
        "fillingDate": "1996-12-31",
        "acceptedDate": "1996-12-30 19:00:00",
        "calendarYear": "1996",
        "period": "FY",
        "revenue": 8956200000,
        "costOfRevenue": 6835400000,
        "grossProfit": 2120800000,
        "grossProfitRatio": 0.23679685580938345,
        "researchAndDevelopmentExpenses": 452600000,
        "generalAndAdministrativeExpenses": 656700000,
        "sellingAndMarketingExpenses": 0,
        "sellingGeneralAndAdministrativeExpenses": 656700000,
        "otherExpenses": 0,
        "operatingExpenses": 1109300000,
        "costAndExpenses": 7944700000,
        "interestIncome": 0,
        "interestExpense": 0,
        "depreciationAndAmortization": 885200000,
        "ebitda": 1561000000,
        "ebitdaratio": 0.1742926687657712,
        "operatingIncome": 1011500000,
        "operatingIncomeRatio": 0.11293852303432259,
        "totalOtherIncomeExpensesNet": -335700000,
        "incomeBeforeTax": 675800000,
        "incomeBeforeTaxRatio": 0.07545610861749402,
        "incomeTaxExpense": -175700000,
        "netIncome": 851500000,
        "netIncomeRatio": 0.09507380362207186,
        "eps": 0.8675,
        "epsdiluted": 0.8675,
        "weightedAverageShsOut": 980084000,
        "weightedAverageShsOutDil": 980084000,
        "link": "",
        "finalLink": ""
    },
    {
        "date": "1995-12-31",
        "symbol": "SLB",
        "reportedCurrency": "USD",
        "cik": "0000087347",
        "fillingDate": "1995-12-31",
        "acceptedDate": "1995-12-30 19:00:00",
        "calendarYear": "1995",
        "period": "FY",
        "revenue": 7621700000,
        "costOfRevenue": 4984000000,
        "grossProfit": 2637700000,
        "grossProfitRatio": 0.34607764671923585,
        "researchAndDevelopmentExpenses": 0,
        "generalAndAdministrativeExpenses": 0,
        "sellingAndMarketingExpenses": 0,
        "sellingGeneralAndAdministrativeExpenses": 1057100000,
        "otherExpenses": 820200000,
        "operatingExpenses": 1877300000,
        "costAndExpenses": 6861300000,
        "interestIncome": 0,
        "interestExpense": 0,
        "depreciationAndAmortization": 820200000,
        "ebitda": 1590600000,
        "ebitdaratio": 0.2086935985410079,
        "operatingIncome": 760400000,
        "operatingIncomeRatio": 0.09976776834564467,
        "totalOtherIncomeExpensesNet": 10000000,
        "incomeBeforeTax": 770400000,
        "incomeBeforeTaxRatio": 0.10107981159059003,
        "incomeTaxExpense": 121200000,
        "netIncome": 649200000,
        "netIncomeRatio": 0.08517784746185235,
        "eps": 0.665,
        "epsdiluted": 0.66,
        "weightedAverageShsOut": 976240602,
        "weightedAverageShsOutDil": 983636364,
        "link": "",
        "finalLink": ""
    },
    {
        "date": "1994-12-31",
        "symbol": "SLB",
        "reportedCurrency": "USD",
        "cik": "0000087347",
        "fillingDate": "1994-12-31",
        "acceptedDate": "1994-12-30 19:00:00",
        "calendarYear": "1994",
        "period": "FY",
        "revenue": 6696800000,
        "costOfRevenue": 4331700000,
        "grossProfit": 2365100000,
        "grossProfitRatio": 0.3531686775773504,
        "researchAndDevelopmentExpenses": 0,
        "generalAndAdministrativeExpenses": 0,
        "sellingAndMarketingExpenses": 0,
        "sellingGeneralAndAdministrativeExpenses": 992100000,
        "otherExpenses": 776200000,
        "operatingExpenses": 1768300000,
        "costAndExpenses": 6100000000,
        "interestIncome": 0,
        "interestExpense": 0,
        "depreciationAndAmortization": 776200000,
        "ebitda": 1393700000,
        "ebitdaratio": 0.20811432325886992,
        "operatingIncome": 596800000,
        "operatingIncomeRatio": 0.0891171902998447,
        "totalOtherIncomeExpensesNet": 20700000,
        "incomeBeforeTax": 617500000,
        "incomeBeforeTaxRatio": 0.09220821885079442,
        "incomeTaxExpense": 81400000,
        "netIncome": 536100000,
        "netIncomeRatio": 0.08005315971807431,
        "eps": 0.55,
        "epsdiluted": 0.55,
        "weightedAverageShsOut": 974727273,
        "weightedAverageShsOutDil": 974727273,
        "link": "",
        "finalLink": ""
    },
    {
        "date": "1993-12-31",
        "symbol": "SLB",
        "reportedCurrency": "USD",
        "cik": "0000087347",
        "fillingDate": "1993-12-31",
        "acceptedDate": "1993-12-30 19:00:00",
        "calendarYear": "1993",
        "period": "FY",
        "revenue": 6705500000,
        "costOfRevenue": 4234400000,
        "grossProfit": 2471100000,
        "grossProfitRatio": 0.3685183804339721,
        "researchAndDevelopmentExpenses": 0,
        "generalAndAdministrativeExpenses": 0,
        "sellingAndMarketingExpenses": 0,
        "sellingGeneralAndAdministrativeExpenses": 1046900000,
        "otherExpenses": 790200000,
        "operatingExpenses": 1837100000,
        "costAndExpenses": 6071500000,
        "interestIncome": 0,
        "interestExpense": 0,
        "depreciationAndAmortization": 790200000,
        "ebitda": 1206100000,
        "ebitdaratio": 0.17986727313399448,
        "operatingIncome": 634000000,
        "operatingIncomeRatio": 0.09454925061516666,
        "totalOtherIncomeExpensesNet": 29900000,
        "incomeBeforeTax": 663900000,
        "incomeBeforeTaxRatio": 0.09900827678771158,
        "incomeTaxExpense": 81100000,
        "netIncome": 334800000,
        "netIncomeRatio": 0.04992916262769368,
        "eps": 0.345,
        "epsdiluted": 0.335,
        "weightedAverageShsOut": 970434783,
        "weightedAverageShsOutDil": 999402985,
        "link": "",
        "finalLink": ""
    },
    {
        "date": "1992-12-31",
        "symbol": "SLB",
        "reportedCurrency": "USD",
        "cik": "0000087347",
        "fillingDate": "1992-12-31",
        "acceptedDate": "1992-12-30 19:00:00",
        "calendarYear": "1992",
        "period": "FY",
        "revenue": 6331500000,
        "costOfRevenue": 3870600000,
        "grossProfit": 2460900000,
        "grossProfitRatio": 0.3886756692726842,
        "researchAndDevelopmentExpenses": 0,
        "generalAndAdministrativeExpenses": 0,
        "sellingAndMarketingExpenses": 0,
        "sellingGeneralAndAdministrativeExpenses": 1050200000,
        "otherExpenses": 708800000,
        "operatingExpenses": 1759000000,
        "costAndExpenses": 5629600000,
        "interestIncome": 0,
        "interestExpense": 0,
        "depreciationAndAmortization": 708800000,
        "ebitda": 1456800000,
        "ebitdaratio": 0.23008765695332858,
        "operatingIncome": 701900000,
        "operatingIncomeRatio": 0.11085840638079444,
        "totalOtherIncomeExpensesNet": 46100000,
        "incomeBeforeTax": 748000000,
        "incomeBeforeTaxRatio": 0.11813946142304352,
        "incomeTaxExpense": 86400000,
        "netIncome": 661600000,
        "netIncomeRatio": 0.1044934059859433,
        "eps": 0.69,
        "epsdiluted": 0.69,
        "weightedAverageShsOut": 958840580,
        "weightedAverageShsOutDil": 958840580,
        "link": "",
        "finalLink": ""
    },
    {
        "date": "1991-12-31",
        "symbol": "SLB",
        "reportedCurrency": "USD",
        "cik": "0000087347",
        "fillingDate": "1991-12-31",
        "acceptedDate": "1991-12-30 19:00:00",
        "calendarYear": "1991",
        "period": "FY",
        "revenue": 6145200000,
        "costOfRevenue": 3765200000,
        "grossProfit": 2380000000,
        "grossProfitRatio": 0.38729414827833103,
        "researchAndDevelopmentExpenses": 0,
        "generalAndAdministrativeExpenses": 0,
        "sellingAndMarketingExpenses": 0,
        "sellingGeneralAndAdministrativeExpenses": 989400000,
        "otherExpenses": 659600000,
        "operatingExpenses": 1649000000,
        "costAndExpenses": 5414200000,
        "interestIncome": 0,
        "interestExpense": 0,
        "depreciationAndAmortization": 659600000,
        "ebitda": 1641300000,
        "ebitdaratio": 0.2670865065416911,
        "operatingIncome": 731000000,
        "operatingIncomeRatio": 0.11895463125691597,
        "totalOtherIncomeExpensesNet": 250700000,
        "incomeBeforeTax": 981700000,
        "incomeBeforeTaxRatio": 0.15975069973312503,
        "incomeTaxExpense": 166000000,
        "netIncome": 815700000,
        "netIncomeRatio": 0.1327377465338801,
        "eps": 0.855,
        "epsdiluted": 0.855,
        "weightedAverageShsOut": 954035088,
        "weightedAverageShsOutDil": 954035088,
        "link": "",
        "finalLink": ""
    },
    {
        "date": "1990-12-31",
        "symbol": "SLB",
        "reportedCurrency": "USD",
        "cik": "0000087347",
        "fillingDate": "1990-12-31",
        "acceptedDate": "1990-12-30 19:00:00",
        "calendarYear": "1990",
        "period": "FY",
        "revenue": 5306200000,
        "costOfRevenue": 3179200000,
        "grossProfit": 2127000000,
        "grossProfitRatio": 0.40085183370396893,
        "researchAndDevelopmentExpenses": 0,
        "generalAndAdministrativeExpenses": 0,
        "sellingAndMarketingExpenses": 0,
        "sellingGeneralAndAdministrativeExpenses": 917100000,
        "otherExpenses": 552300000,
        "operatingExpenses": 1469400000,
        "costAndExpenses": 4648600000,
        "interestIncome": 0,
        "interestExpense": 0,
        "depreciationAndAmortization": 552300000,
        "ebitda": 1250700000,
        "ebitdaratio": 0.23570540122875128,
        "operatingIncome": 657600000,
        "operatingIncomeRatio": 0.12393049640043723,
        "totalOtherIncomeExpensesNet": 40800000,
        "incomeBeforeTax": 698400000,
        "incomeBeforeTaxRatio": 0.13161961479024537,
        "incomeTaxExpense": 128100000,
        "netIncome": 570300000,
        "netIncomeRatio": 0.10747804455165655,
        "eps": 0.6,
        "epsdiluted": 0.6,
        "weightedAverageShsOut": 950500000,
        "weightedAverageShsOutDil": 950500000,
        "link": "",
        "finalLink": ""
    },
    {
        "date": "1989-12-31",
        "symbol": "SLB",
        "reportedCurrency": "USD",
        "cik": "0000087347",
        "fillingDate": "1989-12-31",
        "acceptedDate": "1989-12-30 19:00:00",
        "calendarYear": "1989",
        "period": "FY",
        "revenue": 4686000000,
        "costOfRevenue": 2822400000,
        "grossProfit": 1863600000,
        "grossProfitRatio": 0.3976952624839949,
        "researchAndDevelopmentExpenses": 0,
        "generalAndAdministrativeExpenses": 0,
        "sellingAndMarketingExpenses": 0,
        "sellingGeneralAndAdministrativeExpenses": 875200000,
        "otherExpenses": 519700000,
        "operatingExpenses": 1394900000,
        "costAndExpenses": 4217300000,
        "interestIncome": 0,
        "interestExpense": 0,
        "depreciationAndAmortization": 519700000,
        "ebitda": 1050400000,
        "ebitdaratio": 0.22415706359368331,
        "operatingIncome": 468700000,
        "operatingIncomeRatio": 0.10002134016218524,
        "totalOtherIncomeExpensesNet": 62000000,
        "incomeBeforeTax": 530700000,
        "incomeBeforeTaxRatio": 0.11325224071702945,
        "incomeTaxExpense": 110700000,
        "netIncome": 420000000,
        "netIncomeRatio": 0.08962868117797695,
        "eps": 0.445,
        "epsdiluted": 0.445,
        "weightedAverageShsOut": 943820225,
        "weightedAverageShsOutDil": 943820225,
        "link": "",
        "finalLink": ""
    },
    {
        "date": "1988-12-31",
        "symbol": "SLB",
        "reportedCurrency": "USD",
        "cik": "0000087347",
        "fillingDate": "1988-12-31",
        "acceptedDate": "1988-12-30 19:00:00",
        "calendarYear": "1988",
        "period": "FY",
        "revenue": 4924500000,
        "costOfRevenue": 2976000000,
        "grossProfit": 1948500000,
        "grossProfitRatio": 0.395674687785562,
        "researchAndDevelopmentExpenses": 0,
        "generalAndAdministrativeExpenses": 0,
        "sellingAndMarketingExpenses": 0,
        "sellingGeneralAndAdministrativeExpenses": 930100000,
        "otherExpenses": 552200000,
        "operatingExpenses": 1482300000,
        "costAndExpenses": 4458300000,
        "interestIncome": 0,
        "interestExpense": 0,
        "depreciationAndAmortization": 0,
        "ebitda": 588500000,
        "ebitdaratio": 0.11950451822520053,
        "operatingIncome": 466200000,
        "operatingIncomeRatio": 0.09466950959488273,
        "totalOtherIncomeExpensesNet": 122300000,
        "incomeBeforeTax": 588500000,
        "incomeBeforeTaxRatio": 0.11950451822520053,
        "incomeTaxExpense": 134600000,
        "netIncome": 453900000,
        "netIncomeRatio": 0.09217179409077064,
        "eps": 0.43,
        "epsdiluted": 0.43,
        "weightedAverageShsOut": 1055581395,
        "weightedAverageShsOutDil": 1055581395,
        "link": "",
        "finalLink": ""
    },
    {
        "date": "1987-12-31",
        "symbol": "SLB",
        "reportedCurrency": "USD",
        "cik": "0000087347",
        "fillingDate": "1987-12-31",
        "acceptedDate": "1987-12-30 19:00:00",
        "calendarYear": "1987",
        "period": "FY",
        "revenue": 4402000000,
        "costOfRevenue": 2738400000,
        "grossProfit": 1663600000,
        "grossProfitRatio": 0.37791912766924124,
        "researchAndDevelopmentExpenses": 0,
        "generalAndAdministrativeExpenses": 0,
        "sellingAndMarketingExpenses": 0,
        "sellingGeneralAndAdministrativeExpenses": 892100000,
        "otherExpenses": 534500000,
        "operatingExpenses": 1426600000,
        "costAndExpenses": 4165000000,
        "interestIncome": 0,
        "interestExpense": 0,
        "depreciationAndAmortization": 0,
        "ebitda": 398600000,
        "ebitdaratio": 0.09054975011358474,
        "operatingIncome": 237000000,
        "operatingIncomeRatio": 0.0538391640163562,
        "totalOtherIncomeExpensesNet": 381600000,
        "incomeBeforeTax": 618600000,
        "incomeBeforeTaxRatio": 0.1405270331667424,
        "incomeTaxExpense": 116000000,
        "netIncome": 282600000,
        "netIncomeRatio": 0.06419809177646524,
        "eps": 0.255,
        "epsdiluted": 0.255,
        "weightedAverageShsOut": 1108235294,
        "weightedAverageShsOutDil": 1108235294,
        "link": "",
        "finalLink": ""
    },
    {
        "date": "1986-12-31",
        "symbol": "SLB",
        "reportedCurrency": "USD",
        "cik": "0000087347",
        "fillingDate": "1986-12-31",
        "acceptedDate": "1986-12-30 19:00:00",
        "calendarYear": "1986",
        "period": "FY",
        "revenue": 4568400000,
        "costOfRevenue": 2791300000,
        "grossProfit": 1777100000,
        "grossProfitRatio": 0.3889983363978636,
        "researchAndDevelopmentExpenses": 0,
        "generalAndAdministrativeExpenses": 0,
        "sellingAndMarketingExpenses": 0,
        "sellingGeneralAndAdministrativeExpenses": 965500000,
        "otherExpenses": 719000000,
        "operatingExpenses": 1684500000,
        "costAndExpenses": 4475800000,
        "interestIncome": 0,
        "interestExpense": 0,
        "depreciationAndAmortization": 0,
        "ebitda": -1911700000,
        "ebitdaratio": -0.41846160581385167,
        "operatingIncome": 92600000,
        "operatingIncomeRatio": 0.02026967866211365,
        "totalOtherIncomeExpensesNet": -1641300000,
        "incomeBeforeTax": -1548700000,
        "incomeBeforeTaxRatio": -0.3390027142982226,
        "incomeTaxExpense": 105900000,
        "netIncome": -2017600000,
        "netIncomeRatio": -0.4416425882146922,
        "eps": -1.755,
        "epsdiluted": -1.755,
        "weightedAverageShsOut": 1149629630,
        "weightedAverageShsOutDil": 1149629630,
        "link": "",
        "finalLink": ""
    },
    {
        "date": "1985-12-31",
        "symbol": "SLB",
        "reportedCurrency": "USD",
        "cik": "0000087347",
        "fillingDate": "1985-12-31",
        "acceptedDate": "1985-12-30 19:00:00",
        "calendarYear": "1985",
        "period": "FY",
        "revenue": 6119000000,
        "costOfRevenue": 3328100000,
        "grossProfit": 2790900000,
        "grossProfitRatio": 0.456103938552051,
        "researchAndDevelopmentExpenses": 0,
        "generalAndAdministrativeExpenses": 0,
        "sellingAndMarketingExpenses": 0,
        "sellingGeneralAndAdministrativeExpenses": 1074600000,
        "otherExpenses": 841300000,
        "operatingExpenses": 1915900000,
        "costAndExpenses": 5244000000,
        "interestIncome": 0,
        "interestExpense": 0,
        "depreciationAndAmortization": 0,
        "ebitda": 616900000,
        "ebitdaratio": 0.10081712698153293,
        "operatingIncome": 875000000,
        "operatingIncomeRatio": 0.1429972217682628,
        "totalOtherIncomeExpensesNet": -258100000,
        "incomeBeforeTax": 616900000,
        "incomeBeforeTaxRatio": 0.10081712698153293,
        "incomeTaxExpense": 265900000,
        "netIncome": 351000000,
        "netIncomeRatio": 0.0573623141036117,
        "eps": 0.295,
        "epsdiluted": 0.295,
        "weightedAverageShsOut": 1189830508,
        "weightedAverageShsOutDil": 1189830508,
        "link": "",
        "finalLink": ""
    }
]