[
    {
        "date": "2021-12-31",
        "symbol": "T",
        "reportedCurrency": "USD",
        "cik": "0000732717",
        "fillingDate": "2022-02-16",
        "acceptedDate": "2022-02-16 06:29:38",
        "calendarYear": "2021",
        "period": "FY",
        "revenue": 168864000000,
        "costOfRevenue": 79807000000,
        "grossProfit": 89057000000,
        "grossProfitRatio": 0.5273889046806898,
        "researchAndDevelopmentExpenses": 0,
        "generalAndAdministrativeExpenses": 0,
        "sellingAndMarketingExpenses": 0,
        "sellingGeneralAndAdministrativeExpenses": 37944000000,
        "otherExpenses": 22862000000,
        "operatingExpenses": 60806000000,
        "costAndExpenses": 140613000000,
        "interestIncome": null,
        "interestExpense": 6884000000,
        "depreciationAndAmortization": 22862000000,
        "ebitda": 55295000000,
        "ebitdaratio": 0.3274528614743225,
        "operatingIncome": 23347000000,
        "operatingIncomeRatio": 0.13825919082812205,
        "totalOtherIncomeExpensesNet": 3600000000,
        "incomeBeforeTax": 26947000000,
        "incomeBeforeTaxRatio": 0.15957812203903735,
        "incomeTaxExpense": 5468000000,
        "netIncome": 20081000000,
        "netIncomeRatio": 0.11891818267955277,
        "eps": 2.81,
        "epsdiluted": 2.8,
        "weightedAverageShsOut": 7157000000,
        "weightedAverageShsOutDil": 7183000000,
        "link": "https://www.sec.gov/Archives/edgar/data/732717/000073271722000015/0000732717-22-000015-index.htm",
        "finalLink": "https://www.sec.gov/Archives/edgar/data/732717/000073271722000015/t-20211231.htm"
    },
    {
        "date": "2020-12-31",
        "symbol": "T",
        "reportedCurrency": "USD",
        "cik": "0000732717",
        "fillingDate": "2021-02-25",
        "acceptedDate": "2021-02-25 16:19:43",
        "calendarYear": "2020",
        "period": "FY",
        "revenue": 171760000000,
        "costOfRevenue": 79920000000,
        "grossProfit": 91840000000,
        "grossProfitRatio": 0.5346995808104331,
        "researchAndDevelopmentExpenses": 0,
        "generalAndAdministrativeExpenses": 0,
        "sellingAndMarketingExpenses": 0,
        "sellingGeneralAndAdministrativeExpenses": 38039000000,
        "otherExpenses": 28516000000,
        "operatingExpenses": 66555000000,
        "costAndExpenses": 146475000000,
        "interestIncome": 0,
        "interestExpense": 7925000000,
        "depreciationAndAmortization": 28516000000,
        "ebitda": 32230000000,
        "ebitdaratio": 0.18764555193292967,
        "operatingIncome": 6405000000,
        "operatingIncomeRatio": 0.03729040521658128,
        "totalOtherIncomeExpensesNet": -9261000000,
        "incomeBeforeTax": -2856000000,
        "incomeBeforeTaxRatio": -0.01662785281788542,
        "incomeTaxExpense": 965000000,
        "netIncome": -5176000000,
        "netIncomeRatio": -0.030135072193758734,
        "eps": -0.75,
        "epsdiluted": -0.75,
        "weightedAverageShsOut": 7157000000,
        "weightedAverageShsOutDil": 7183000000,
        "link": "https://www.sec.gov/Archives/edgar/data/732717/000073271721000012/0000732717-21-000012-index.htm",
        "finalLink": "https://www.sec.gov/Archives/edgar/data/732717/000073271721000012/t-20201231.htm"
    },
    {
        "date": "2019-12-31",
        "symbol": "T",
        "reportedCurrency": "USD",
        "cik": "0000732717",
        "fillingDate": "2020-02-20",
        "acceptedDate": "2020-02-19 21:42:50",
        "calendarYear": "2019",
        "period": "FY",
        "revenue": 181193000000,
        "costOfRevenue": 84141000000,
        "grossProfit": 97052000000,
        "grossProfitRatio": 0.5356277560391406,
        "researchAndDevelopmentExpenses": 0,
        "generalAndAdministrativeExpenses": 39422000000,
        "sellingAndMarketingExpenses": 0,
        "sellingGeneralAndAdministrativeExpenses": 39422000000,
        "otherExpenses": 28217000000,
        "operatingExpenses": 67639000000,
        "costAndExpenses": 151780000000,
        "interestIncome": 0,
        "interestExpense": 8422000000,
        "depreciationAndAmortization": 28217000000,
        "ebitda": 54035000000,
        "ebitdaratio": 0.29821792232591765,
        "operatingIncome": 27955000000,
        "operatingIncomeRatio": 0.15428300210273024,
        "totalOtherIncomeExpensesNet": -9487000000,
        "incomeBeforeTax": 18468000000,
        "incomeBeforeTaxRatio": 0.10192446728074483,
        "incomeTaxExpense": 3493000000,
        "netIncome": 13903000000,
        "netIncomeRatio": 0.07673033726468462,
        "eps": 1.9,
        "epsdiluted": 1.89,
        "weightedAverageShsOut": 7319000000,
        "weightedAverageShsOutDil": 7348000000,
        "link": "https://www.sec.gov/Archives/edgar/data/732717/000156276220000064/0001562762-20-000064-index.html",
        "finalLink": "https://www.sec.gov/Archives/edgar/data/732717/000156276220000064/t-20191231.htm"
    },
    {
        "date": "2018-12-31",
        "symbol": "T",
        "reportedCurrency": "USD",
        "cik": "0000732717",
        "fillingDate": "2019-02-20",
        "acceptedDate": "2019-02-20 17:21:51",
        "calendarYear": "2018",
        "period": "FY",
        "revenue": 170756000000,
        "costOfRevenue": 79419000000,
        "grossProfit": 91337000000,
        "grossProfitRatio": 0.5348977488345944,
        "researchAndDevelopmentExpenses": 0,
        "generalAndAdministrativeExpenses": 36765000000,
        "sellingAndMarketingExpenses": 0,
        "sellingGeneralAndAdministrativeExpenses": 36765000000,
        "otherExpenses": 28430000000,
        "operatingExpenses": 65195000000,
        "costAndExpenses": 144614000000,
        "interestIncome": 0,
        "interestExpense": 7957000000,
        "depreciationAndAmortization": 28430000000,
        "ebitda": 60677000000,
        "ebitdaratio": 0.3553432968680456,
        "operatingIncome": 26096000000,
        "operatingIncomeRatio": 0.1528262550071447,
        "totalOtherIncomeExpensesNet": -1223000000,
        "incomeBeforeTax": 24873000000,
        "incomeBeforeTaxRatio": 0.14566398838108177,
        "incomeTaxExpense": 4920000000,
        "netIncome": 19370000000,
        "netIncomeRatio": 0.11343671671859261,
        "eps": 2.85,
        "epsdiluted": 2.85,
        "weightedAverageShsOut": 6778000000,
        "weightedAverageShsOutDil": 6806000000,
        "link": "https://www.sec.gov/Archives/edgar/data/732717/000119312519045608/0001193125-19-045608-index.html",
        "finalLink": "https://www.sec.gov/Archives/edgar/data/732717/000119312519045608/d705958d10k.htm"
    },
    {
        "date": "2017-12-31",
        "symbol": "T",
        "reportedCurrency": "USD",
        "cik": "0000732717",
        "fillingDate": "2018-02-20",
        "acceptedDate": "2018-02-20 16:15:55",
        "calendarYear": "2017",
        "period": "FY",
        "revenue": 160546000000,
        "costOfRevenue": 77379000000,
        "grossProfit": 83167000000,
        "grossProfitRatio": 0.5180259863216773,
        "researchAndDevelopmentExpenses": 0,
        "generalAndAdministrativeExpenses": 34917000000,
        "sellingAndMarketingExpenses": 0,
        "sellingGeneralAndAdministrativeExpenses": 34917000000,
        "otherExpenses": 24387000000,
        "operatingExpenses": 59304000000,
        "costAndExpenses": 136683000000,
        "interestIncome": 0,
        "interestExpense": 6300000000,
        "depreciationAndAmortization": 24387000000,
        "ebitda": 45429000000,
        "ebitdaratio": 0.2829656297883473,
        "operatingIncome": 20949000000,
        "operatingIncomeRatio": 0.13048596663884493,
        "totalOtherIncomeExpensesNet": -5810000000,
        "incomeBeforeTax": 15139000000,
        "incomeBeforeTaxRatio": 0.09429696161847695,
        "incomeTaxExpense": -14708000000,
        "netIncome": 29450000000,
        "netIncomeRatio": 0.18343652286572074,
        "eps": 4.77,
        "epsdiluted": 4.76,
        "weightedAverageShsOut": 6164000000,
        "weightedAverageShsOutDil": 6183000000,
        "link": "https://www.sec.gov/Archives/edgar/data/732717/000073271718000009/0000732717-18-000009-index.html",
        "finalLink": "https://www.sec.gov/Archives/edgar/data/732717/000073271718000009/ye17_10k.htm"
    },
    {
        "date": "2016-12-31",
        "symbol": "T",
        "reportedCurrency": "USD",
        "cik": "0000732717",
        "fillingDate": "2017-02-17",
        "acceptedDate": "2017-02-17 17:30:12",
        "calendarYear": "2016",
        "period": "FY",
        "revenue": 163786000000,
        "costOfRevenue": 76884000000,
        "grossProfit": 86902000000,
        "grossProfitRatio": 0.530582589476512,
        "researchAndDevelopmentExpenses": 0,
        "generalAndAdministrativeExpenses": 36347000000,
        "sellingAndMarketingExpenses": 0,
        "sellingGeneralAndAdministrativeExpenses": 36347000000,
        "otherExpenses": 25847000000,
        "operatingExpenses": 62194000000,
        "costAndExpenses": 139078000000,
        "interestIncome": 0,
        "interestExpense": 4910000000,
        "depreciationAndAmortization": 25847000000,
        "ebitda": 50212000000,
        "ebitdaratio": 0.3065707691744105,
        "operatingIncome": 24347000000,
        "operatingIncomeRatio": 0.1486512888769492,
        "totalOtherIncomeExpensesNet": -4535000000,
        "incomeBeforeTax": 19812000000,
        "incomeBeforeTaxRatio": 0.12096271964636782,
        "incomeTaxExpense": 6479000000,
        "netIncome": 12976000000,
        "netIncomeRatio": 0.07922533061433822,
        "eps": 2.1,
        "epsdiluted": 2.1,
        "weightedAverageShsOut": 6168000000,
        "weightedAverageShsOutDil": 6189000000,
        "link": "https://www.sec.gov/Archives/edgar/data/732717/000073271717000021/0000732717-17-000021-index.html",
        "finalLink": "https://www.sec.gov/Archives/edgar/data/732717/000073271717000021/ye16_10k.htm"
    },
    {
        "date": "2015-12-31",
        "symbol": "T",
        "reportedCurrency": "USD",
        "cik": "0000732717",
        "fillingDate": "2015-12-31",
        "acceptedDate": "2015-12-30 19:00:00",
        "calendarYear": "2015",
        "period": "FY",
        "revenue": 146801000000,
        "costOfRevenue": 67046000000,
        "grossProfit": 79755000000,
        "grossProfitRatio": 0.5432864898740472,
        "researchAndDevelopmentExpenses": 0,
        "generalAndAdministrativeExpenses": 0,
        "sellingAndMarketingExpenses": 0,
        "sellingGeneralAndAdministrativeExpenses": 32954000000,
        "otherExpenses": 22016000000,
        "operatingExpenses": 54970000000,
        "costAndExpenses": 122016000000,
        "interestIncome": null,
        "interestExpense": 4120000000,
        "depreciationAndAmortization": 22016000000,
        "ebitda": 46486000000,
        "ebitdaratio": 0.316659968256347,
        "operatingIncome": 24785000000,
        "operatingIncomeRatio": 0.16883399976839394,
        "totalOtherIncomeExpensesNet": -4093000000,
        "incomeBeforeTax": 20692000000,
        "incomeBeforeTaxRatio": 0.1409527183057336,
        "incomeTaxExpense": 7005000000,
        "netIncome": 13345000000,
        "netIncomeRatio": 0.09090537530398295,
        "eps": 2.37,
        "epsdiluted": 2.37,
        "weightedAverageShsOut": 5628000000,
        "weightedAverageShsOutDil": 5646000000,
        "link": "",
        "finalLink": ""
    },
    {
        "date": "2014-12-31",
        "symbol": "T",
        "reportedCurrency": "USD",
        "cik": "0000732717",
        "fillingDate": "2015-02-20",
        "acceptedDate": "2015-02-20 16:23:15",
        "calendarYear": "2014",
        "period": "FY",
        "revenue": 132447000000,
        "costOfRevenue": 60611000000,
        "grossProfit": 71836000000,
        "grossProfitRatio": 0.5423754407423347,
        "researchAndDevelopmentExpenses": 0,
        "generalAndAdministrativeExpenses": 39697000000,
        "sellingAndMarketingExpenses": 0,
        "sellingGeneralAndAdministrativeExpenses": 39697000000,
        "otherExpenses": 18273000000,
        "operatingExpenses": 57970000000,
        "costAndExpenses": 118581000000,
        "interestIncome": 0,
        "interestExpense": 3613000000,
        "depreciationAndAmortization": 18273000000,
        "ebitda": 31552000000,
        "ebitdaratio": 0.23822359132332177,
        "operatingIncome": 11746000000,
        "operatingIncomeRatio": 0.08868453041593996,
        "totalOtherIncomeExpensesNet": -1786000000,
        "incomeBeforeTax": 9960000000,
        "incomeBeforeTaxRatio": 0.07519989127726562,
        "incomeTaxExpense": 3442000000,
        "netIncome": 6224000000,
        "netIncomeRatio": 0.04699238185840374,
        "eps": 1.19,
        "epsdiluted": 1.19,
        "weightedAverageShsOut": 5205000000,
        "weightedAverageShsOutDil": 5221000000,
        "link": "https://www.sec.gov/Archives/edgar/data/732717/000073271715000016/ye14_10k.htm",
        "finalLink": "https://www.sec.gov/Archives/edgar/data/732717/000073271715000016/ye14_10k.htm"
    },
    {
        "date": "2013-12-31",
        "symbol": "T",
        "reportedCurrency": "USD",
        "cik": "0000732717",
        "fillingDate": "2014-02-21",
        "acceptedDate": "2014-02-21 16:25:54",
        "calendarYear": "2013",
        "period": "FY",
        "revenue": 128752000000,
        "costOfRevenue": 51464000000,
        "grossProfit": 77288000000,
        "grossProfitRatio": 0.6002858208027837,
        "researchAndDevelopmentExpenses": 0,
        "generalAndAdministrativeExpenses": 28414000000,
        "sellingAndMarketingExpenses": 0,
        "sellingGeneralAndAdministrativeExpenses": 28414000000,
        "otherExpenses": 18395000000,
        "operatingExpenses": 46809000000,
        "costAndExpenses": 98273000000,
        "interestIncome": 0,
        "interestExpense": 3940000000,
        "depreciationAndAmortization": 18395000000,
        "ebitda": 49808000000,
        "ebitdaratio": 0.38685224307195226,
        "operatingIncome": 30479000000,
        "operatingIncomeRatio": 0.23672641978377035,
        "totalOtherIncomeExpensesNet": -2702000000,
        "incomeBeforeTax": 27777000000,
        "incomeBeforeTaxRatio": 0.21574033801416678,
        "incomeTaxExpense": 9224000000,
        "netIncome": 18249000000,
        "netIncomeRatio": 0.14173760407605318,
        "eps": 3.39,
        "epsdiluted": 3.39,
        "weightedAverageShsOut": 5368000000,
        "weightedAverageShsOutDil": 5385000000,
        "link": "https://www.sec.gov/Archives/edgar/data/732717/000073271714000010/ye13_10k.htm",
        "finalLink": "https://www.sec.gov/Archives/edgar/data/732717/000073271714000010/ye13_10k.htm"
    },
    {
        "date": "2012-12-31",
        "symbol": "T",
        "reportedCurrency": "USD",
        "cik": "0000732717",
        "fillingDate": "2013-02-22",
        "acceptedDate": "2013-02-22 16:27:46",
        "calendarYear": "2012",
        "period": "FY",
        "revenue": 127434000000,
        "costOfRevenue": 55215000000,
        "grossProfit": 72219000000,
        "grossProfitRatio": 0.5667168887424079,
        "researchAndDevelopmentExpenses": 0,
        "generalAndAdministrativeExpenses": 41079000000,
        "sellingAndMarketingExpenses": 0,
        "sellingGeneralAndAdministrativeExpenses": 41079000000,
        "otherExpenses": 18143000000,
        "operatingExpenses": 59222000000,
        "costAndExpenses": 114437000000,
        "interestIncome": 0,
        "interestExpense": 3444000000,
        "depreciationAndAmortization": 18143000000,
        "ebitda": 31751000000,
        "ebitdaratio": 0.24915642607153507,
        "operatingIncome": 12997000000,
        "operatingIncomeRatio": 0.10199004975124377,
        "totalOtherIncomeExpensesNet": -2558000000,
        "incomeBeforeTax": 10439000000,
        "incomeBeforeTaxRatio": 0.08191691385344571,
        "incomeTaxExpense": 2900000000,
        "netIncome": 7264000000,
        "netIncomeRatio": 0.05700205596622565,
        "eps": 1.25,
        "epsdiluted": 1.25,
        "weightedAverageShsOut": 5801000000,
        "weightedAverageShsOutDil": 5821000000,
        "link": "https://www.sec.gov/Archives/edgar/data/732717/000073271713000017/0000732717-13-000017-index.html",
        "finalLink": "https://www.sec.gov/Archives/edgar/data/732717/000073271713000017/ye12_10k.htm"
    },
    {
        "date": "2011-12-31",
        "symbol": "T",
        "reportedCurrency": "USD",
        "cik": "0000732717",
        "fillingDate": "2012-02-24",
        "acceptedDate": "2012-02-24 14:34:06",
        "calendarYear": "2011",
        "period": "FY",
        "revenue": 126723000000,
        "costOfRevenue": 57374000000,
        "grossProfit": 69349000000,
        "grossProfitRatio": 0.5472487235939806,
        "researchAndDevelopmentExpenses": 0,
        "generalAndAdministrativeExpenses": 38844000000,
        "sellingAndMarketingExpenses": 0,
        "sellingGeneralAndAdministrativeExpenses": 38844000000,
        "otherExpenses": 18377000000,
        "operatingExpenses": 57221000000,
        "costAndExpenses": 114595000000,
        "interestIncome": 0,
        "interestExpense": 3535000000,
        "depreciationAndAmortization": 18377000000,
        "ebitda": 28388000000,
        "ebitdaratio": 0.22401616123355667,
        "operatingIncome": 9218000000,
        "operatingIncomeRatio": 0.07274133345959297,
        "totalOtherIncomeExpensesNet": -2502000000,
        "incomeBeforeTax": 6716000000,
        "incomeBeforeTaxRatio": 0.052997482698484095,
        "incomeTaxExpense": 2532000000,
        "netIncome": 3944000000,
        "netIncomeRatio": 0.03112300056027714,
        "eps": 0.66,
        "epsdiluted": 0.66,
        "weightedAverageShsOut": 5928000000,
        "weightedAverageShsOutDil": 5950000000,
        "link": "https://www.sec.gov/Archives/edgar/data/732717/000073271712000025/0000732717-12-000025-index.html",
        "finalLink": "https://www.sec.gov/Archives/edgar/data/732717/000073271712000025/ye11_10k.htm"
    },
    {
        "date": "2010-12-31",
        "symbol": "T",
        "reportedCurrency": "USD",
        "cik": "0000732717",
        "fillingDate": "2010-12-31",
        "acceptedDate": "2010-12-30 19:00:00",
        "calendarYear": "2010",
        "period": "FY",
        "revenue": 124280000000,
        "costOfRevenue": 52263000000,
        "grossProfit": 72017000000,
        "grossProfitRatio": 0.5794737689089153,
        "researchAndDevelopmentExpenses": 0,
        "generalAndAdministrativeExpenses": 0,
        "sellingAndMarketingExpenses": 0,
        "sellingGeneralAndAdministrativeExpenses": 33065000000,
        "otherExpenses": 19379000000,
        "operatingExpenses": 52444000000,
        "costAndExpenses": 104707000000,
        "interestIncome": null,
        "interestExpense": 2994000000,
        "depreciationAndAmortization": 19379000000,
        "ebitda": 41075000000,
        "ebitdaratio": 0.3305037013196009,
        "operatingIncome": 19573000000,
        "operatingIncomeRatio": 0.15749114901834568,
        "totalOtherIncomeExpensesNet": -1335000000,
        "incomeBeforeTax": 18238000000,
        "incomeBeforeTaxRatio": 0.14674927582877373,
        "incomeTaxExpense": -1162000000,
        "netIncome": 19864000000,
        "netIncomeRatio": 0.1598326359832636,
        "eps": 3.36,
        "epsdiluted": 3.35,
        "weightedAverageShsOut": 5913000000,
        "weightedAverageShsOutDil": 5938000000,
        "link": "",
        "finalLink": ""
    },
    {
        "date": "2009-12-31",
        "symbol": "T",
        "reportedCurrency": "USD",
        "cik": "0000732717",
        "fillingDate": "2009-12-31",
        "acceptedDate": "2009-12-30 19:00:00",
        "calendarYear": "2009",
        "period": "FY",
        "revenue": 123018000000,
        "costOfRevenue": 50405000000,
        "grossProfit": 72613000000,
        "grossProfitRatio": 0.5902632135134696,
        "researchAndDevelopmentExpenses": 0,
        "generalAndAdministrativeExpenses": 0,
        "sellingAndMarketingExpenses": 0,
        "sellingGeneralAndAdministrativeExpenses": 31407000000,
        "otherExpenses": 19714000000,
        "operatingExpenses": 51121000000,
        "costAndExpenses": 101526000000,
        "interestIncome": null,
        "interestExpense": 3379000000,
        "depreciationAndAmortization": 19714000000,
        "ebitda": 41784000000,
        "ebitdaratio": 0.33965761108130516,
        "operatingIncome": 21492000000,
        "operatingIncomeRatio": 0.1747061405647954,
        "totalOtherIncomeExpensesNet": -2493000000,
        "incomeBeforeTax": 18999000000,
        "incomeBeforeTaxRatio": 0.15444081353948202,
        "incomeTaxExpense": 6156000000,
        "netIncome": 12535000000,
        "netIncomeRatio": 0.10189565754605018,
        "eps": 2.12,
        "epsdiluted": 2.12,
        "weightedAverageShsOut": 5900000000,
        "weightedAverageShsOutDil": 5924000000,
        "link": "",
        "finalLink": ""
    },
    {
        "date": "2008-12-31",
        "symbol": "T",
        "reportedCurrency": "USD",
        "cik": "0000732717",
        "fillingDate": "2008-12-31",
        "acceptedDate": "2008-12-30 19:00:00",
        "calendarYear": "2008",
        "period": "FY",
        "revenue": 124028000000,
        "costOfRevenue": 49895000000,
        "grossProfit": 74133000000,
        "grossProfitRatio": 0.59771180701132,
        "researchAndDevelopmentExpenses": 0,
        "generalAndAdministrativeExpenses": 0,
        "sellingAndMarketingExpenses": 0,
        "sellingGeneralAndAdministrativeExpenses": 31187000000,
        "otherExpenses": 19883000000,
        "operatingExpenses": 51070000000,
        "costAndExpenses": 100965000000,
        "interestIncome": null,
        "interestExpense": 3390000000,
        "depreciationAndAmortization": 19883000000,
        "ebitda": 43176000000,
        "ebitdaratio": 0.3481149417873383,
        "operatingIncome": 23063000000,
        "operatingIncomeRatio": 0.18594994678620957,
        "totalOtherIncomeExpensesNet": -3160000000,
        "incomeBeforeTax": 19903000000,
        "incomeBeforeTaxRatio": 0.16047182894185183,
        "incomeTaxExpense": 7036000000,
        "netIncome": 12867000000,
        "netIncomeRatio": 0.10374270326055407,
        "eps": 2.17,
        "epsdiluted": 2.16,
        "weightedAverageShsOut": 5927000000,
        "weightedAverageShsOutDil": 5958000000,
        "link": "",
        "finalLink": ""
    },
    {
        "date": "2007-12-31",
        "symbol": "T",
        "reportedCurrency": "USD",
        "cik": "0000732717",
        "fillingDate": "2007-12-31",
        "acceptedDate": "2007-12-30 19:00:00",
        "calendarYear": "2007",
        "period": "FY",
        "revenue": 118928000000,
        "costOfRevenue": 46055000000,
        "grossProfit": 72873000000,
        "grossProfitRatio": 0.6127488900847572,
        "researchAndDevelopmentExpenses": 0,
        "generalAndAdministrativeExpenses": 30892000000,
        "sellingAndMarketingExpenses": 0,
        "sellingGeneralAndAdministrativeExpenses": 30892000000,
        "otherExpenses": 21577000000,
        "operatingExpenses": 52469000000,
        "costAndExpenses": 98524000000,
        "interestIncome": 0,
        "interestExpense": 3507000000,
        "depreciationAndAmortization": 21577000000,
        "ebitda": 43288000000,
        "ebitdaratio": 0.36398493205973365,
        "operatingIncome": 20404000000,
        "operatingIncomeRatio": 0.17156598950625587,
        "totalOtherIncomeExpensesNet": -2200000000,
        "incomeBeforeTax": 18204000000,
        "incomeBeforeTaxRatio": 0.15306740212565587,
        "incomeTaxExpense": 6253000000,
        "netIncome": 11951000000,
        "netIncomeRatio": 0.10048937172070496,
        "eps": 1.95,
        "epsdiluted": 1.94,
        "weightedAverageShsOut": 6127000000,
        "weightedAverageShsOutDil": 6170000000,
        "link": "",
        "finalLink": ""
    },
    {
        "date": "2006-12-31",
        "symbol": "T",
        "reportedCurrency": "USD",
        "cik": "0000732717",
        "fillingDate": "2007-02-26",
        "acceptedDate": "2007-02-26 17:27:37",
        "calendarYear": "2006",
        "period": "FY",
        "revenue": 63055000000,
        "costOfRevenue": 27349000000,
        "grossProfit": 35706000000,
        "grossProfitRatio": 0.566267544207438,
        "researchAndDevelopmentExpenses": 0,
        "generalAndAdministrativeExpenses": 15511000000,
        "sellingAndMarketingExpenses": 0,
        "sellingGeneralAndAdministrativeExpenses": 15511000000,
        "otherExpenses": 9907000000,
        "operatingExpenses": 25418000000,
        "costAndExpenses": 52767000000,
        "interestIncome": 377000000,
        "interestExpense": 1843000000,
        "depreciationAndAmortization": 9907000000,
        "ebitda": 22631000000,
        "ebitdaratio": 0.3589088890651019,
        "operatingIncome": 10288000000,
        "operatingIncomeRatio": 0.16315914677662358,
        "totalOtherIncomeExpensesNet": 593000000,
        "incomeBeforeTax": 10881000000,
        "incomeBeforeTaxRatio": 0.17256363492189358,
        "incomeTaxExpense": 3525000000,
        "netIncome": 7356000000,
        "netIncomeRatio": 0.11666005867893109,
        "eps": 1.89,
        "epsdiluted": 1.89,
        "weightedAverageShsOut": 3882000000,
        "weightedAverageShsOutDil": 3902000000,
        "link": "https://www.sec.gov/Archives/edgar/data/732717/000073271707000015/att10_k.htm",
        "finalLink": "https://www.sec.gov/Archives/edgar/data/732717/000073271707000015/att10_k.htm"
    },
    {
        "date": "2005-12-31",
        "symbol": "T",
        "reportedCurrency": "USD",
        "cik": "0000732717",
        "fillingDate": "2006-03-01",
        "acceptedDate": "2006-02-28 18:15:37",
        "calendarYear": "2005",
        "period": "FY",
        "revenue": 43862000000,
        "costOfRevenue": 19190000000,
        "grossProfit": 24672000000,
        "grossProfitRatio": 0.5624914504582554,
        "researchAndDevelopmentExpenses": 0,
        "generalAndAdministrativeExpenses": 10861000000,
        "sellingAndMarketingExpenses": 0,
        "sellingGeneralAndAdministrativeExpenses": 10861000000,
        "otherExpenses": 7643000000,
        "operatingExpenses": 18504000000,
        "costAndExpenses": 37694000000,
        "interestIncome": 383000000,
        "interestExpense": 1456000000,
        "depreciationAndAmortization": 7643000000,
        "ebitda": 14817000000,
        "ebitdaratio": 0.3378094934111532,
        "operatingIncome": 6168000000,
        "operatingIncomeRatio": 0.14062286261456386,
        "totalOtherIncomeExpensesNet": -450000000,
        "incomeBeforeTax": 5718000000,
        "incomeBeforeTaxRatio": 0.13036341252108888,
        "incomeTaxExpense": 932000000,
        "netIncome": 4786000000,
        "netIncomeRatio": 0.10911495143860289,
        "eps": 1.42,
        "epsdiluted": 1.42,
        "weightedAverageShsOut": 3368000000,
        "weightedAverageShsOutDil": 3379000000,
        "link": "https://www.sec.gov/Archives/edgar/data/732717/000073271706000008/form10k2005.htm",
        "finalLink": "https://www.sec.gov/Archives/edgar/data/732717/000073271706000008/form10k2005.htm"
    },
    {
        "date": "2004-12-31",
        "symbol": "T",
        "reportedCurrency": "USD",
        "cik": "0000732717",
        "fillingDate": "2005-03-11",
        "acceptedDate": "2005-03-11 14:52:31",
        "calendarYear": "2004",
        "period": "FY",
        "revenue": 40787000000,
        "costOfRevenue": 17383000000,
        "grossProfit": 23404000000,
        "grossProfitRatio": 0.5738102826881114,
        "researchAndDevelopmentExpenses": 0,
        "generalAndAdministrativeExpenses": 9939000000,
        "sellingAndMarketingExpenses": 0,
        "sellingGeneralAndAdministrativeExpenses": 9939000000,
        "otherExpenses": 7564000000,
        "operatingExpenses": 17503000000,
        "costAndExpenses": 34886000000,
        "interestIncome": 492000000,
        "interestExpense": 1023000000,
        "depreciationAndAmortization": 7564000000,
        "ebitda": 16660000000,
        "ebitdaratio": 0.40846348101110647,
        "operatingIncome": 5901000000,
        "operatingIncomeRatio": 0.14467845146737932,
        "totalOtherIncomeExpensesNet": 1264000000,
        "incomeBeforeTax": 7165000000,
        "incomeBeforeTaxRatio": 0.1756687179738642,
        "incomeTaxExpense": 2186000000,
        "netIncome": 5887000000,
        "netIncomeRatio": 0.1443352048446809,
        "eps": 1.78,
        "epsdiluted": 1.77,
        "weightedAverageShsOut": 3310000000,
        "weightedAverageShsOutDil": 3322000000,
        "link": "https://www.sec.gov/Archives/edgar/data/732717/000073271705000176/form10k.htm",
        "finalLink": "https://www.sec.gov/Archives/edgar/data/732717/000073271705000176/form10k.htm"
    },
    {
        "date": "2003-12-31",
        "symbol": "T",
        "reportedCurrency": "USD",
        "cik": "0000732717",
        "fillingDate": "2004-03-11",
        "acceptedDate": "2004-03-11 15:48:23",
        "calendarYear": "2003",
        "period": "FY",
        "revenue": 40843000000,
        "costOfRevenue": 16653000000,
        "grossProfit": 24190000000,
        "grossProfitRatio": 0.5922679528927846,
        "researchAndDevelopmentExpenses": 0,
        "generalAndAdministrativeExpenses": 9851000000,
        "sellingAndMarketingExpenses": 0,
        "sellingGeneralAndAdministrativeExpenses": 9851000000,
        "otherExpenses": 7870000000,
        "operatingExpenses": 17721000000,
        "costAndExpenses": 34374000000,
        "interestIncome": 603000000,
        "interestExpense": 1241000000,
        "depreciationAndAmortization": 7870000000,
        "ebitda": 20546000000,
        "ebitdaratio": 0.5030482579634209,
        "operatingIncome": 6469000000,
        "operatingIncomeRatio": 0.15838699409935608,
        "totalOtherIncomeExpensesNet": 2432000000,
        "incomeBeforeTax": 8901000000,
        "incomeBeforeTaxRatio": 0.217932081384815,
        "incomeTaxExpense": 2930000000,
        "netIncome": 8505000000,
        "netIncomeRatio": 0.20823641750116298,
        "eps": 2.56,
        "epsdiluted": 2.56,
        "weightedAverageShsOut": 3318000000,
        "weightedAverageShsOutDil": 3329000000,
        "link": "https://www.sec.gov/Archives/edgar/data/732717/000073271704000205/0000732717-04-000205-index.html",
        "finalLink": "https://www.sec.gov/Archives/edgar/data/732717/000073271704000205/sbc10k.htm"
    },
    {
        "date": "2002-12-31",
        "symbol": "T",
        "reportedCurrency": "USD",
        "cik": "0000732717",
        "fillingDate": "2003-03-14",
        "acceptedDate": "2003-03-13 17:57:50",
        "calendarYear": "2002",
        "period": "FY",
        "revenue": 43138000000,
        "costOfRevenue": 25937000000,
        "grossProfit": 17201000000,
        "grossProfitRatio": 0.3987435671565673,
        "researchAndDevelopmentExpenses": 0,
        "generalAndAdministrativeExpenses": 0,
        "sellingAndMarketingExpenses": 0,
        "sellingGeneralAndAdministrativeExpenses": 0,
        "otherExpenses": 8578000000,
        "operatingExpenses": 8578000000,
        "costAndExpenses": 34515000000,
        "interestIncome": 561000000,
        "interestExpense": 1382000000,
        "depreciationAndAmortization": 8578000000,
        "ebitda": 18597000000,
        "ebitdaratio": 0.43110482637118086,
        "operatingIncome": 8623000000,
        "operatingIncomeRatio": 0.19989336547823264,
        "totalOtherIncomeExpensesNet": 1834000000,
        "incomeBeforeTax": 10457000000,
        "incomeBeforeTaxRatio": 0.2424080856785201,
        "incomeTaxExpense": 2984000000,
        "netIncome": 5653000000,
        "netIncomeRatio": 0.13104455468496454,
        "eps": 1.7,
        "epsdiluted": 1.69,
        "weightedAverageShsOut": 3330000000,
        "weightedAverageShsOutDil": 3348000000,
        "link": "https://www.sec.gov/Archives/edgar/data/732717/000073271703000210/sbc10k.htm",
        "finalLink": "https://www.sec.gov/Archives/edgar/data/732717/000073271703000210/sbc10k.htm"
    },
    {
        "date": "2001-12-31",
        "symbol": "T",
        "reportedCurrency": "USD",
        "cik": "0000732717",
        "fillingDate": "2001-12-31",
        "acceptedDate": "2001-12-30 19:00:00",
        "calendarYear": "2001",
        "period": "FY",
        "revenue": 45908000000,
        "costOfRevenue": 25943000000,
        "grossProfit": 19965000000,
        "grossProfitRatio": 0.43489152217478433,
        "researchAndDevelopmentExpenses": 0,
        "generalAndAdministrativeExpenses": 0,
        "sellingAndMarketingExpenses": 0,
        "sellingGeneralAndAdministrativeExpenses": 0,
        "otherExpenses": 9077000000,
        "operatingExpenses": 9077000000,
        "costAndExpenses": 35020000000,
        "interestIncome": 682000000,
        "interestExpense": 1599000000,
        "depreciationAndAmortization": 9077000000,
        "ebitda": 22015000000,
        "ebitdaratio": 0.4795460486189771,
        "operatingIncome": 10888000000,
        "operatingIncomeRatio": 0.2371699921582295,
        "totalOtherIncomeExpensesNet": 469000000,
        "incomeBeforeTax": 11357000000,
        "incomeBeforeTaxRatio": 0.24738607650082775,
        "incomeTaxExpense": 4097000000,
        "netIncome": 7242000000,
        "netIncomeRatio": 0.15775028317504575,
        "eps": 2.15,
        "epsdiluted": 2.13,
        "weightedAverageShsOut": 3366000000,
        "weightedAverageShsOutDil": 3396000000,
        "link": "",
        "finalLink": ""
    },
    {
        "date": "2000-12-31",
        "symbol": "T",
        "reportedCurrency": "USD",
        "cik": "0000732717",
        "fillingDate": "2001-03-12",
        "acceptedDate": "2001-03-12 00:00:00",
        "calendarYear": "2000",
        "period": "FY",
        "revenue": 51476000000,
        "costOfRevenue": 30985000000,
        "grossProfit": 20491000000,
        "grossProfitRatio": 0.3980690030305385,
        "researchAndDevelopmentExpenses": 0,
        "generalAndAdministrativeExpenses": 0,
        "sellingAndMarketingExpenses": 0,
        "sellingGeneralAndAdministrativeExpenses": 0,
        "otherExpenses": 9748000000,
        "operatingExpenses": 9748000000,
        "costAndExpenses": 40733000000,
        "interestIncome": 279000000,
        "interestExpense": 1592000000,
        "depreciationAndAmortization": 9748000000,
        "ebitda": 24228000000,
        "ebitdaratio": 0.47066594140958895,
        "operatingIncome": 10743000000,
        "operatingIncomeRatio": 0.20869919962701064,
        "totalOtherIncomeExpensesNet": 2145000000,
        "incomeBeforeTax": 12888000000,
        "incomeBeforeTaxRatio": 0.2503691040484886,
        "incomeTaxExpense": 4921000000,
        "netIncome": 7967000000,
        "netIncomeRatio": 0.15477115548993706,
        "eps": 2.35,
        "epsdiluted": 2.32,
        "weightedAverageShsOut": 3392000000,
        "weightedAverageShsOutDil": 3433000000,
        "link": "https://www.sec.gov/Archives/edgar/data/732717/000073271701000019/0000732717-01-000019-index.html",
        "finalLink": "https://www.sec.gov/Archives/edgar/data/732717/000073271701000019/0000732717-01-000019-0001.htm"
    },
    {
        "date": "1999-12-31",
        "symbol": "T",
        "reportedCurrency": "USD",
        "cik": "0000732717",
        "fillingDate": "1999-12-31",
        "acceptedDate": "1999-12-30 19:00:00",
        "calendarYear": "1999",
        "period": "FY",
        "revenue": 49489000000,
        "costOfRevenue": 29338000000,
        "grossProfit": 20151000000,
        "grossProfitRatio": 0.4071813938450969,
        "researchAndDevelopmentExpenses": 0,
        "generalAndAdministrativeExpenses": 0,
        "sellingAndMarketingExpenses": 0,
        "sellingGeneralAndAdministrativeExpenses": 0,
        "otherExpenses": 8553000000,
        "operatingExpenses": 8553000000,
        "costAndExpenses": 37891000000,
        "interestIncome": 0,
        "interestExpense": 1430000000,
        "depreciationAndAmortization": 8553000000,
        "ebitda": 22422000000,
        "ebitdaratio": 0.4530703792762028,
        "operatingIncome": 11598000000,
        "operatingIncomeRatio": 0.23435510921618946,
        "totalOtherIncomeExpensesNet": -745000000,
        "incomeBeforeTax": 10853000000,
        "incomeBeforeTaxRatio": 0.2193012588656065,
        "incomeTaxExpense": 4280000000,
        "netIncome": 8159000000,
        "netIncomeRatio": 0.1648649194770555,
        "eps": 2.39,
        "epsdiluted": 2.36,
        "weightedAverageShsOut": 3409000000,
        "weightedAverageShsOutDil": 3458000000,
        "link": "",
        "finalLink": ""
    },
    {
        "date": "1998-12-31",
        "symbol": "T",
        "reportedCurrency": "USD",
        "cik": "0000732717",
        "fillingDate": "1998-12-31",
        "acceptedDate": "1998-12-30 19:00:00",
        "calendarYear": "1998",
        "period": "FY",
        "revenue": 28777000000,
        "costOfRevenue": 16714000000,
        "grossProfit": 12063000000,
        "grossProfitRatio": 0.4191889356082983,
        "researchAndDevelopmentExpenses": 0,
        "generalAndAdministrativeExpenses": 0,
        "sellingAndMarketingExpenses": 0,
        "sellingGeneralAndAdministrativeExpenses": 0,
        "otherExpenses": 5177000000,
        "operatingExpenses": 5177000000,
        "costAndExpenses": 21891000000,
        "interestIncome": 0,
        "interestExpense": 993000000,
        "depreciationAndAmortization": 5177000000,
        "ebitda": 12499000000,
        "ebitdaratio": 0.4343399242450568,
        "operatingIncome": 6886000000,
        "operatingIncomeRatio": 0.2392883205337596,
        "totalOtherIncomeExpensesNet": -512000000,
        "incomeBeforeTax": 6374000000,
        "incomeBeforeTaxRatio": 0.22149633387774958,
        "incomeTaxExpense": 2306000000,
        "netIncome": 4023000000,
        "netIncomeRatio": 0.13979914515064112,
        "eps": 2.06,
        "epsdiluted": 2.03,
        "weightedAverageShsOut": 1956610000,
        "weightedAverageShsOutDil": 1983853000,
        "link": "",
        "finalLink": ""
    },
    {
        "date": "1997-12-31",
        "symbol": "T",
        "reportedCurrency": "USD",
        "cik": "0000732717",
        "fillingDate": "1997-12-31",
        "acceptedDate": "1997-12-30 19:00:00",
        "calendarYear": "1997",
        "period": "FY",
        "revenue": 24856000000,
        "costOfRevenue": 9488000000,
        "grossProfit": 15368000000,
        "grossProfitRatio": 0.6182813002896685,
        "researchAndDevelopmentExpenses": 0,
        "generalAndAdministrativeExpenses": 7276000000,
        "sellingAndMarketingExpenses": 0,
        "sellingGeneralAndAdministrativeExpenses": 7276000000,
        "otherExpenses": 4922000000,
        "operatingExpenses": 12198000000,
        "costAndExpenses": 21686000000,
        "interestIncome": 0,
        "interestExpense": 947000000,
        "depreciationAndAmortization": 4922000000,
        "ebitda": 8206000000,
        "ebitdaratio": 0.33014161570646927,
        "operatingIncome": 3170000000,
        "operatingIncomeRatio": 0.12753459929192146,
        "totalOtherIncomeExpensesNet": -833000000,
        "incomeBeforeTax": 2337000000,
        "incomeBeforeTaxRatio": 0.09402156420984872,
        "incomeTaxExpense": 863000000,
        "netIncome": 1474000000,
        "netIncomeRatio": 0.05930157708400386,
        "eps": 0.81,
        "epsdiluted": 0.8,
        "weightedAverageShsOut": 1828395000,
        "weightedAverageShsOutDil": 1844629000,
        "link": "",
        "finalLink": ""
    },
    {
        "date": "1996-12-31",
        "symbol": "T",
        "reportedCurrency": "USD",
        "cik": "0000732717",
        "fillingDate": "1996-12-31",
        "acceptedDate": "1996-12-30 19:00:00",
        "calendarYear": "1996",
        "period": "FY",
        "revenue": 13898000000,
        "costOfRevenue": 4135000000,
        "grossProfit": 9763000000,
        "grossProfitRatio": 0.7024751762843575,
        "researchAndDevelopmentExpenses": 0,
        "generalAndAdministrativeExpenses": 3967000000,
        "sellingAndMarketingExpenses": 0,
        "sellingGeneralAndAdministrativeExpenses": 3967000000,
        "otherExpenses": 2240000000,
        "operatingExpenses": 6207000000,
        "costAndExpenses": 10342000000,
        "interestIncome": 0,
        "interestExpense": 472000000,
        "depreciationAndAmortization": 2240000000,
        "ebitda": 5979000000,
        "ebitdaratio": 0.4302057850050367,
        "operatingIncome": 3556000000,
        "operatingIncomeRatio": 0.2558641531155562,
        "totalOtherIncomeExpensesNet": -289000000,
        "incomeBeforeTax": 3267000000,
        "incomeBeforeTaxRatio": 0.23506979421499496,
        "incomeTaxExpense": 1166000000,
        "netIncome": 2101000000,
        "netIncomeRatio": 0.15117283062311124,
        "eps": 1.73,
        "epsdiluted": 1.73,
        "weightedAverageShsOut": 1214000000,
        "weightedAverageShsOutDil": 1214000000,
        "link": "",
        "finalLink": ""
    },
    {
        "date": "1995-12-31",
        "symbol": "T",
        "reportedCurrency": "USD",
        "cik": "0000732717",
        "fillingDate": "1995-12-31",
        "acceptedDate": "1995-12-30 19:00:00",
        "calendarYear": "1995",
        "period": "FY",
        "revenue": 12669700000,
        "costOfRevenue": 3805900000,
        "grossProfit": 8863800000,
        "grossProfitRatio": 0.6996061469490201,
        "researchAndDevelopmentExpenses": 0,
        "generalAndAdministrativeExpenses": 3656700000,
        "sellingAndMarketingExpenses": 0,
        "sellingGeneralAndAdministrativeExpenses": 3656700000,
        "otherExpenses": 2169900000,
        "operatingExpenses": 5826600000,
        "costAndExpenses": 9632500000,
        "interestIncome": 0,
        "interestExpense": 515100000,
        "depreciationAndAmortization": 2169900000,
        "ebitda": 2658000000,
        "ebitdaratio": 0.20979186563217755,
        "operatingIncome": 3037200000,
        "operatingIncomeRatio": 0.2397215403679645,
        "totalOtherIncomeExpensesNet": -244900000,
        "incomeBeforeTax": 2792300000,
        "incomeBeforeTaxRatio": 0.22039195876776876,
        "incomeTaxExpense": 903000000,
        "netIncome": -930000000,
        "netIncomeRatio": -0.07340347443112308,
        "eps": -0.765,
        "epsdiluted": -0.765,
        "weightedAverageShsOut": 1217600000,
        "weightedAverageShsOutDil": 1217600000,
        "link": "",
        "finalLink": ""
    },
    {
        "date": "1994-12-31",
        "symbol": "T",
        "reportedCurrency": "USD",
        "cik": "0000732717",
        "fillingDate": "1994-12-31",
        "acceptedDate": "1994-12-30 19:00:00",
        "calendarYear": "1994",
        "period": "FY",
        "revenue": 11618500000,
        "costOfRevenue": 3746900000,
        "grossProfit": 7871600000,
        "grossProfitRatio": 0.6775057021130094,
        "researchAndDevelopmentExpenses": 0,
        "generalAndAdministrativeExpenses": 3043500000,
        "sellingAndMarketingExpenses": 0,
        "sellingGeneralAndAdministrativeExpenses": 3043500000,
        "otherExpenses": 2037800000,
        "operatingExpenses": 5081300000,
        "costAndExpenses": 8828200000,
        "interestIncome": 0,
        "interestExpense": 480200000,
        "depreciationAndAmortization": 2037800000,
        "ebitda": 4951800000,
        "ebitdaratio": 0.42619959547273745,
        "operatingIncome": 2790300000,
        "operatingIncomeRatio": 0.24016008951241555,
        "totalOtherIncomeExpensesNet": -356500000,
        "incomeBeforeTax": 2433800000,
        "incomeBeforeTaxRatio": 0.20947626629943625,
        "incomeTaxExpense": 785100000,
        "netIncome": 1648700000,
        "netIncomeRatio": 0.14190299952661703,
        "eps": 1.37,
        "epsdiluted": 1.37,
        "weightedAverageShsOut": 1202800000,
        "weightedAverageShsOutDil": 1202800000,
        "link": "",
        "finalLink": ""
    },
    {
        "date": "1993-12-31",
        "symbol": "T",
        "reportedCurrency": "USD",
        "cik": "0000732717",
        "fillingDate": "1993-12-31",
        "acceptedDate": "1993-12-30 19:00:00",
        "calendarYear": "1993",
        "period": "FY",
        "revenue": 10690300000,
        "costOfRevenue": 3387600000,
        "grossProfit": 7302700000,
        "grossProfitRatio": 0.6831145992161118,
        "researchAndDevelopmentExpenses": 0,
        "generalAndAdministrativeExpenses": 0,
        "sellingAndMarketingExpenses": 0,
        "sellingGeneralAndAdministrativeExpenses": 2916100000,
        "otherExpenses": 2007000000,
        "operatingExpenses": 4923100000,
        "costAndExpenses": 8310700000,
        "interestIncome": 0,
        "interestExpense": 0,
        "depreciationAndAmortization": 2007000000,
        "ebitda": 1786800000,
        "ebitdaratio": 0.16714217561714825,
        "operatingIncome": 2379600000,
        "operatingIncomeRatio": 0.22259431447199798,
        "totalOtherIncomeExpensesNet": -319400000,
        "incomeBeforeTax": 2060200000,
        "incomeBeforeTaxRatio": 0.19271676192436132,
        "incomeTaxExpense": 625000000,
        "netIncome": -845200000,
        "netIncomeRatio": -0.0790623275305651,
        "eps": -0.7071367072742124,
        "epsdiluted": -0.7071367072742124,
        "weightedAverageShsOut": 1195242718,
        "weightedAverageShsOutDil": 1195242718,
        "link": "",
        "finalLink": ""
    },
    {
        "date": "1992-12-31",
        "symbol": "T",
        "reportedCurrency": "USD",
        "cik": "0000732717",
        "fillingDate": "1992-12-31",
        "acceptedDate": "1992-12-30 19:00:00",
        "calendarYear": "1992",
        "period": "FY",
        "revenue": 10015400000,
        "costOfRevenue": 3423400000,
        "grossProfit": 6592000000,
        "grossProfitRatio": 0.6581863929548495,
        "researchAndDevelopmentExpenses": 0,
        "generalAndAdministrativeExpenses": 0,
        "sellingAndMarketingExpenses": 0,
        "sellingGeneralAndAdministrativeExpenses": 2552400000,
        "otherExpenses": 1842200000,
        "operatingExpenses": 4394600000,
        "costAndExpenses": 7818000000,
        "interestIncome": 0,
        "interestExpense": 0,
        "depreciationAndAmortization": 1842200000,
        "ebitda": 3711900000,
        "ebitdaratio": 0.37061924636060467,
        "operatingIncome": 2197400000,
        "operatingIncomeRatio": 0.21940212073406953,
        "totalOtherIncomeExpensesNet": -327700000,
        "incomeBeforeTax": 1869700000,
        "incomeBeforeTaxRatio": 0.1866825089362382,
        "incomeTaxExpense": 568000000,
        "netIncome": 1301700000,
        "netIncomeRatio": 0.12996984643648782,
        "eps": 1.09,
        "epsdiluted": 1.09,
        "weightedAverageShsOut": 1194220183,
        "weightedAverageShsOutDil": 1194220183,
        "link": "",
        "finalLink": ""
    },
    {
        "date": "1991-12-31",
        "symbol": "T",
        "reportedCurrency": "USD",
        "cik": "0000732717",
        "fillingDate": "1991-12-31",
        "acceptedDate": "1991-12-30 19:00:00",
        "calendarYear": "1991",
        "period": "FY",
        "revenue": 9331900000,
        "costOfRevenue": 3159900000,
        "grossProfit": 6172000000,
        "grossProfitRatio": 0.6613872844758302,
        "researchAndDevelopmentExpenses": 0,
        "generalAndAdministrativeExpenses": 0,
        "sellingAndMarketingExpenses": 0,
        "sellingGeneralAndAdministrativeExpenses": 2273400000,
        "otherExpenses": 1765000000,
        "operatingExpenses": 4038400000,
        "costAndExpenses": 7198300000,
        "interestIncome": 0,
        "interestExpense": 0,
        "depreciationAndAmortization": 1765000000,
        "ebitda": 3409200000,
        "ebitdaratio": 0.36532753244248223,
        "operatingIncome": 2133600000,
        "operatingIncomeRatio": 0.2286351118207439,
        "totalOtherIncomeExpensesNet": -489400000,
        "incomeBeforeTax": 1644200000,
        "incomeBeforeTaxRatio": 0.17619134367063513,
        "incomeTaxExpense": 487700000,
        "netIncome": 1156500000,
        "netIncomeRatio": 0.12392974635390434,
        "eps": 0.97,
        "epsdiluted": 0.97,
        "weightedAverageShsOut": 1192268041,
        "weightedAverageShsOutDil": 1192268041,
        "link": "",
        "finalLink": ""
    },
    {
        "date": "1990-12-31",
        "symbol": "T",
        "reportedCurrency": "USD",
        "cik": "0000732717",
        "fillingDate": "1990-12-31",
        "acceptedDate": "1990-12-30 19:00:00",
        "calendarYear": "1990",
        "period": "FY",
        "revenue": 9112900000,
        "costOfRevenue": 3202600000,
        "grossProfit": 5910300000,
        "grossProfitRatio": 0.6485641233855304,
        "researchAndDevelopmentExpenses": 0,
        "generalAndAdministrativeExpenses": 0,
        "sellingAndMarketingExpenses": 0,
        "sellingGeneralAndAdministrativeExpenses": 2167300000,
        "otherExpenses": 1691100000,
        "operatingExpenses": 3858400000,
        "costAndExpenses": 7061000000,
        "interestIncome": 0,
        "interestExpense": 0,
        "depreciationAndAmortization": 1691100000,
        "ebitda": 3232100000,
        "ebitdaratio": 0.35467304590196314,
        "operatingIncome": 2051900000,
        "operatingIncomeRatio": 0.22516432749179735,
        "totalOtherIncomeExpensesNet": -510900000,
        "incomeBeforeTax": 1541000000,
        "incomeBeforeTaxRatio": 0.16910094481449375,
        "incomeTaxExpense": 439600000,
        "netIncome": 1101400000,
        "netIncomeRatio": 0.12086163570323388,
        "eps": 0.92,
        "epsdiluted": 0.92,
        "weightedAverageShsOut": 1197173913,
        "weightedAverageShsOutDil": 1197173913,
        "link": "",
        "finalLink": ""
    },
    {
        "date": "1989-12-31",
        "symbol": "T",
        "reportedCurrency": "USD",
        "cik": "0000732717",
        "fillingDate": "1989-12-31",
        "acceptedDate": "1989-12-30 19:00:00",
        "calendarYear": "1989",
        "period": "FY",
        "revenue": 8729800000,
        "costOfRevenue": 2901600000,
        "grossProfit": 5828200000,
        "grossProfitRatio": 0.6676212513459644,
        "researchAndDevelopmentExpenses": 0,
        "generalAndAdministrativeExpenses": 0,
        "sellingAndMarketingExpenses": 0,
        "sellingGeneralAndAdministrativeExpenses": 1923700000,
        "otherExpenses": 1891400000,
        "operatingExpenses": 3815100000,
        "costAndExpenses": 6716700000,
        "interestIncome": 0,
        "interestExpense": 0,
        "depreciationAndAmortization": 1891400000,
        "ebitda": 3370900000,
        "ebitdaratio": 0.38613713945336664,
        "operatingIncome": 2013100000,
        "operatingIncomeRatio": 0.2306009301473115,
        "totalOtherIncomeExpensesNet": -533600000,
        "incomeBeforeTax": 1479500000,
        "incomeBeforeTaxRatio": 0.16947696396251918,
        "incomeTaxExpense": 386700000,
        "netIncome": 1092800000,
        "netIncomeRatio": 0.12518041650438727,
        "eps": 0.91,
        "epsdiluted": 0.91,
        "weightedAverageShsOut": 1200879121,
        "weightedAverageShsOutDil": 1200879121,
        "link": "",
        "finalLink": ""
    },
    {
        "date": "1988-12-31",
        "symbol": "T",
        "reportedCurrency": "USD",
        "cik": "0000732717",
        "fillingDate": "1988-12-31",
        "acceptedDate": "1988-12-30 19:00:00",
        "calendarYear": "1988",
        "period": "FY",
        "revenue": 7258800000,
        "costOfRevenue": 2329400000,
        "grossProfit": 4929400000,
        "grossProfitRatio": 0.6790929630241913,
        "researchAndDevelopmentExpenses": 0,
        "generalAndAdministrativeExpenses": 0,
        "sellingAndMarketingExpenses": 0,
        "sellingGeneralAndAdministrativeExpenses": 1427200000,
        "otherExpenses": 1678300000,
        "operatingExpenses": 3105500000,
        "costAndExpenses": 5434900000,
        "interestIncome": 0,
        "interestExpense": 0,
        "depreciationAndAmortization": 1678300000,
        "ebitda": 3024200000,
        "ebitdaratio": 0.4166253375213534,
        "operatingIncome": 1823900000,
        "operatingIncomeRatio": 0.2512674271229404,
        "totalOtherIncomeExpensesNet": -478000000,
        "incomeBeforeTax": 1345900000,
        "incomeBeforeTaxRatio": 0.1854163222571224,
        "incomeTaxExpense": 333100000,
        "netIncome": 1012800000,
        "netIncomeRatio": 0.13952719457761614,
        "eps": 0.89,
        "epsdiluted": 0.88,
        "weightedAverageShsOut": 1137977528,
        "weightedAverageShsOutDil": 1150909091,
        "link": "",
        "finalLink": ""
    },
    {
        "date": "1987-12-31",
        "symbol": "T",
        "reportedCurrency": "USD",
        "cik": "0000732717",
        "fillingDate": "1987-12-31",
        "acceptedDate": "1987-12-30 19:00:00",
        "calendarYear": "1987",
        "period": "FY",
        "revenue": 8002600000,
        "costOfRevenue": 2417900000,
        "grossProfit": 5584700000,
        "grossProfitRatio": 0.6978606952740359,
        "researchAndDevelopmentExpenses": 0,
        "generalAndAdministrativeExpenses": 0,
        "sellingAndMarketingExpenses": 0,
        "sellingGeneralAndAdministrativeExpenses": 2116900000,
        "otherExpenses": 1387300000,
        "operatingExpenses": 3504200000,
        "costAndExpenses": 5922100000,
        "interestIncome": 0,
        "interestExpense": 0,
        "depreciationAndAmortization": 1387300000,
        "ebitda": 2977800000,
        "ebitdaratio": 0.372104066178492,
        "operatingIncome": 2080500000,
        "operatingIncomeRatio": 0.259978007147677,
        "totalOtherIncomeExpensesNet": -490000000,
        "incomeBeforeTax": 1590500000,
        "incomeBeforeTaxRatio": 0.19874790693024766,
        "incomeTaxExpense": 543400000,
        "netIncome": 1047100000,
        "netIncomeRatio": 0.13084497538300052,
        "eps": 0.87,
        "epsdiluted": 0.87,
        "weightedAverageShsOut": 1203563218,
        "weightedAverageShsOutDil": 1203563218,
        "link": "",
        "finalLink": ""
    },
    {
        "date": "1986-12-31",
        "symbol": "T",
        "reportedCurrency": "USD",
        "cik": "0000732717",
        "fillingDate": "1986-12-31",
        "acceptedDate": "1986-12-30 19:00:00",
        "calendarYear": "1986",
        "period": "FY",
        "revenue": 7902400000,
        "costOfRevenue": 2003200000,
        "grossProfit": 5899200000,
        "grossProfitRatio": 0.7465073901599514,
        "researchAndDevelopmentExpenses": 0,
        "generalAndAdministrativeExpenses": 0,
        "sellingAndMarketingExpenses": 0,
        "sellingGeneralAndAdministrativeExpenses": 2314800000,
        "otherExpenses": 1387300000,
        "operatingExpenses": 3702100000,
        "costAndExpenses": 5705300000,
        "interestIncome": 0,
        "interestExpense": 0,
        "depreciationAndAmortization": 1387300000,
        "ebitda": 3121400000,
        "ebitdaratio": 0.39499392589593035,
        "operatingIncome": 2197100000,
        "operatingIncomeRatio": 0.2780294594047378,
        "totalOtherIncomeExpensesNet": -463000000,
        "incomeBeforeTax": 1734100000,
        "incomeBeforeTaxRatio": 0.2194396638995748,
        "incomeTaxExpense": 711400000,
        "netIncome": 1022700000,
        "netIncomeRatio": 0.1294163798339745,
        "eps": 0.86,
        "epsdiluted": 0.86,
        "weightedAverageShsOut": 1189186047,
        "weightedAverageShsOutDil": 1189186047,
        "link": "",
        "finalLink": ""
    },
    {
        "date": "1985-12-31",
        "symbol": "T",
        "reportedCurrency": "USD",
        "cik": "0000732717",
        "fillingDate": "1985-12-31",
        "acceptedDate": "1985-12-30 19:00:00",
        "calendarYear": "1985",
        "period": "FY",
        "revenue": 7925000000,
        "costOfRevenue": 2917800000,
        "grossProfit": 5007200000,
        "grossProfitRatio": 0.6318233438485804,
        "researchAndDevelopmentExpenses": 0,
        "generalAndAdministrativeExpenses": 0,
        "sellingAndMarketingExpenses": 0,
        "sellingGeneralAndAdministrativeExpenses": 1046500000,
        "otherExpenses": 1837600000,
        "operatingExpenses": 2884100000,
        "costAndExpenses": 5801900000,
        "interestIncome": 0,
        "interestExpense": 0,
        "depreciationAndAmortization": 1302400000,
        "ebitda": 2953200000,
        "ebitdaratio": 0.3726435331230284,
        "operatingIncome": 2123100000,
        "operatingIncomeRatio": 0.26789905362776023,
        "totalOtherIncomeExpensesNet": -472300000,
        "incomeBeforeTax": 1650800000,
        "incomeBeforeTaxRatio": 0.20830283911671924,
        "incomeTaxExpense": 654600000,
        "netIncome": 996200000,
        "netIncomeRatio": 0.12570347003154575,
        "eps": 0.84,
        "epsdiluted": 0.84,
        "weightedAverageShsOut": 1185952381,
        "weightedAverageShsOutDil": 1185952381,
        "link": "",
        "finalLink": ""
    }
]