[
    {
        "date": "2021-12-31",
        "symbol": "TMO",
        "reportedCurrency": "USD",
        "cik": "0000097745",
        "fillingDate": "2022-02-24",
        "acceptedDate": "2022-02-24 12:58:37",
        "calendarYear": "2021",
        "period": "FY",
        "revenue": 39211000000,
        "costOfRevenue": 19573000000,
        "grossProfit": 19638000000,
        "grossProfitRatio": 0.5008288490474612,
        "researchAndDevelopmentExpenses": 1406000000,
        "generalAndAdministrativeExpenses": 0,
        "sellingAndMarketingExpenses": 0,
        "sellingGeneralAndAdministrativeExpenses": 8007000000,
        "otherExpenses": 0,
        "operatingExpenses": 9413000000,
        "costAndExpenses": 28986000000,
        "interestIncome": 43000000,
        "interestExpense": 536000000,
        "depreciationAndAmortization": 2592000000,
        "ebitda": 11962000000,
        "ebitdaratio": 0.30506745556093956,
        "operatingIncome": 10028000000,
        "operatingIncomeRatio": 0.2557445614750963,
        "totalOtherIncomeExpensesNet": -1187000000,
        "incomeBeforeTax": 8841000000,
        "incomeBeforeTaxRatio": 0.22547244395705288,
        "incomeTaxExpense": 1109000000,
        "netIncome": 7725000000,
        "netIncomeRatio": 0.19701104281961695,
        "eps": 19.62,
        "epsdiluted": 19.46,
        "weightedAverageShsOut": 394000000,
        "weightedAverageShsOutDil": 397000000,
        "link": "https://www.sec.gov/Archives/edgar/data/97745/000009774522000011/0000097745-22-000011-index.htm",
        "finalLink": "https://www.sec.gov/Archives/edgar/data/97745/000009774522000011/tmo-20211231.htm"
    },
    {
        "date": "2020-12-31",
        "symbol": "TMO",
        "reportedCurrency": "USD",
        "cik": "0000097745",
        "fillingDate": "2021-02-25",
        "acceptedDate": "2021-02-24 17:36:20",
        "calendarYear": "2020",
        "period": "FY",
        "revenue": 32218000000,
        "costOfRevenue": 16214000000,
        "grossProfit": 16004000000,
        "grossProfitRatio": 0.4967409522627103,
        "researchAndDevelopmentExpenses": 1181000000,
        "generalAndAdministrativeExpenses": 0,
        "sellingAndMarketingExpenses": 0,
        "sellingGeneralAndAdministrativeExpenses": 6930000000,
        "otherExpenses": 0,
        "operatingExpenses": 8111000000,
        "costAndExpenses": 24325000000,
        "interestIncome": 65000000,
        "interestExpense": 553000000,
        "depreciationAndAmortization": 2325000000,
        "ebitda": 10103000000,
        "ebitdaratio": 0.3135824694270284,
        "operatingIncome": 7794000000,
        "operatingIncomeRatio": 0.2419144577565336,
        "totalOtherIncomeExpensesNet": -569000000,
        "incomeBeforeTax": 7225000000,
        "incomeBeforeTaxRatio": 0.22425352287541125,
        "incomeTaxExpense": 850000000,
        "netIncome": 6375000000,
        "netIncomeRatio": 0.19787075547830404,
        "eps": 16.09,
        "epsdiluted": 15.96,
        "weightedAverageShsOut": 396000000,
        "weightedAverageShsOutDil": 399000000,
        "link": "https://www.sec.gov/Archives/edgar/data/97745/000009774521000011/0000097745-21-000011-index.htm",
        "finalLink": "https://www.sec.gov/Archives/edgar/data/97745/000009774521000011/tmo-20201231.htm"
    },
    {
        "date": "2019-12-31",
        "symbol": "TMO",
        "reportedCurrency": "USD",
        "cik": "0000097745",
        "fillingDate": "2020-02-26",
        "acceptedDate": "2020-02-26 15:33:51",
        "calendarYear": "2019",
        "period": "FY",
        "revenue": 25542000000,
        "costOfRevenue": 14214000000,
        "grossProfit": 11328000000,
        "grossProfitRatio": 0.44350481559783883,
        "researchAndDevelopmentExpenses": 1003000000,
        "generalAndAdministrativeExpenses": 0,
        "sellingAndMarketingExpenses": 0,
        "sellingGeneralAndAdministrativeExpenses": 6144000000,
        "otherExpenses": 0,
        "operatingExpenses": 7147000000,
        "costAndExpenses": 21361000000,
        "interestIncome": 224000000,
        "interestExpense": 676000000,
        "depreciationAndAmortization": 2277000000,
        "ebitda": 7023000000,
        "ebitdaratio": 0.274958891237961,
        "operatingIncome": 4594000000,
        "operatingIncomeRatio": 0.17986062172108683,
        "totalOtherIncomeExpensesNet": -524000000,
        "incomeBeforeTax": 4070000000,
        "incomeBeforeTaxRatio": 0.15934539190353145,
        "incomeTaxExpense": 374000000,
        "netIncome": 3696000000,
        "netIncomeRatio": 0.14470284237726097,
        "eps": 9.24,
        "epsdiluted": 9.17,
        "weightedAverageShsOut": 400000000,
        "weightedAverageShsOutDil": 403000000,
        "link": "https://www.sec.gov/Archives/edgar/data/97745/000009774520000009/0000097745-20-000009-index.html",
        "finalLink": "https://www.sec.gov/Archives/edgar/data/97745/000009774520000009/tmo-20191231.htm"
    },
    {
        "date": "2018-12-31",
        "symbol": "TMO",
        "reportedCurrency": "USD",
        "cik": "0000097745",
        "fillingDate": "2019-02-27",
        "acceptedDate": "2019-02-27 16:15:13",
        "calendarYear": "2018",
        "period": "FY",
        "revenue": 24358000000,
        "costOfRevenue": 13501000000,
        "grossProfit": 10857000000,
        "grossProfitRatio": 0.44572625010263567,
        "researchAndDevelopmentExpenses": 967000000,
        "generalAndAdministrativeExpenses": 0,
        "sellingAndMarketingExpenses": 0,
        "sellingGeneralAndAdministrativeExpenses": 6057000000,
        "otherExpenses": 0,
        "operatingExpenses": 7024000000,
        "costAndExpenses": 20525000000,
        "interestIncome": 137000000,
        "interestExpense": 667000000,
        "depreciationAndAmortization": 2267000000,
        "ebitda": 6196000000,
        "ebitdaratio": 0.2543722801543641,
        "operatingIncome": 3783000000,
        "operatingIncomeRatio": 0.15530831759586172,
        "totalOtherIncomeExpensesNet": -521000000,
        "incomeBeforeTax": 3262000000,
        "incomeBeforeTaxRatio": 0.1339190409721652,
        "incomeTaxExpense": 324000000,
        "netIncome": 2938000000,
        "netIncomeRatio": 0.12061745627719846,
        "eps": 7.31,
        "epsdiluted": 7.24,
        "weightedAverageShsOut": 402000000,
        "weightedAverageShsOutDil": 406000000,
        "link": "https://www.sec.gov/Archives/edgar/data/97745/000009774519000007/0000097745-19-000007-index.html",
        "finalLink": "https://www.sec.gov/Archives/edgar/data/97745/000009774519000007/a201810k.htm"
    },
    {
        "date": "2017-12-31",
        "symbol": "TMO",
        "reportedCurrency": "USD",
        "cik": "0000097745",
        "fillingDate": "2018-02-28",
        "acceptedDate": "2018-02-28 09:19:05",
        "calendarYear": "2017",
        "period": "FY",
        "revenue": 20918000000,
        "costOfRevenue": 11473000000,
        "grossProfit": 9445000000,
        "grossProfitRatio": 0.45152500239028587,
        "researchAndDevelopmentExpenses": 888000000,
        "generalAndAdministrativeExpenses": 0,
        "sellingAndMarketingExpenses": 0,
        "sellingGeneralAndAdministrativeExpenses": 5492000000,
        "otherExpenses": 0,
        "operatingExpenses": 6380000000,
        "costAndExpenses": 17853000000,
        "interestIncome": 81000000,
        "interestExpense": 592000000,
        "depreciationAndAmortization": 2033000000,
        "ebitda": 5051000000,
        "ebitdaratio": 0.24146667941485803,
        "operatingIncome": 2968000000,
        "operatingIncomeRatio": 0.14188736972941965,
        "totalOtherIncomeExpensesNet": -539000000,
        "incomeBeforeTax": 2429000000,
        "incomeBeforeTaxRatio": 0.11612008796252032,
        "incomeTaxExpense": 201000000,
        "netIncome": 2225000000,
        "netIncomeRatio": 0.1063677215795009,
        "eps": 5.64,
        "epsdiluted": 5.59,
        "weightedAverageShsOut": 395000000,
        "weightedAverageShsOutDil": 398000000,
        "link": "https://www.sec.gov/Archives/edgar/data/97745/000009774518000006/0000097745-18-000006-index.html",
        "finalLink": "https://www.sec.gov/Archives/edgar/data/97745/000009774518000006/a201710k.htm"
    },
    {
        "date": "2016-12-31",
        "symbol": "TMO",
        "reportedCurrency": "USD",
        "cik": "0000097745",
        "fillingDate": "2017-02-28",
        "acceptedDate": "2017-02-28 15:22:18",
        "calendarYear": "2016",
        "period": "FY",
        "revenue": 18274100000,
        "costOfRevenue": 9905000000,
        "grossProfit": 8369100000,
        "grossProfitRatio": 0.457976042595805,
        "researchAndDevelopmentExpenses": 754800000,
        "generalAndAdministrativeExpenses": 0,
        "sellingAndMarketingExpenses": 0,
        "sellingGeneralAndAdministrativeExpenses": 4975900000,
        "otherExpenses": 0,
        "operatingExpenses": 5730700000,
        "costAndExpenses": 15635700000,
        "interestIncome": 48400000,
        "interestExpense": 469600000,
        "depreciationAndAmortization": 1758000000,
        "ebitda": 4248000000,
        "ebitdaratio": 0.232460148516206,
        "operatingIncome": 2449200000,
        "operatingIncomeRatio": 0.13402575229423064,
        "totalOtherIncomeExpensesNet": -425300000,
        "incomeBeforeTax": 2023900000,
        "incomeBeforeTaxRatio": 0.1107523763140182,
        "incomeTaxExpense": -1400000,
        "netIncome": 2021800000,
        "netIncomeRatio": 0.1106374595739325,
        "eps": 5.12,
        "epsdiluted": 5.09,
        "weightedAverageShsOut": 394800000,
        "weightedAverageShsOutDil": 397400000,
        "link": "https://www.sec.gov/Archives/edgar/data/97745/000009774517000007/0000097745-17-000007-index.html",
        "finalLink": "https://www.sec.gov/Archives/edgar/data/97745/000009774517000007/tmo201610k.htm"
    },
    {
        "date": "2015-12-31",
        "symbol": "TMO",
        "reportedCurrency": "USD",
        "cik": "0000097745",
        "fillingDate": "2016-02-25",
        "acceptedDate": "2016-02-25 14:24:54",
        "calendarYear": "2015",
        "period": "FY",
        "revenue": 16965400000,
        "costOfRevenue": 9209500000,
        "grossProfit": 7755900000,
        "grossProfitRatio": 0.4571598665519233,
        "researchAndDevelopmentExpenses": 692300000,
        "generalAndAdministrativeExpenses": 0,
        "sellingAndMarketingExpenses": 0,
        "sellingGeneralAndAdministrativeExpenses": 4612100000,
        "otherExpenses": 0,
        "operatingExpenses": 5304400000,
        "costAndExpenses": 14513900000,
        "interestIncome": 30600000,
        "interestExpense": 414900000,
        "depreciationAndAmortization": 1688200000,
        "ebitda": 4034600000,
        "ebitdaratio": 0.2378134320440426,
        "operatingIncome": 2336200000,
        "operatingIncomeRatio": 0.13770379714006153,
        "totalOtherIncomeExpensesNet": -399800000,
        "incomeBeforeTax": 1936400000,
        "incomeBeforeTaxRatio": 0.11413818713381353,
        "incomeTaxExpense": -43900000,
        "netIncome": 1975400000,
        "netIncomeRatio": 0.1164369835076096,
        "eps": 4.96,
        "epsdiluted": 4.92,
        "weightedAverageShsOut": 398700000,
        "weightedAverageShsOutDil": 401900000,
        "link": "https://www.sec.gov/Archives/edgar/data/97745/000009774516000043/0000097745-16-000043-index.html",
        "finalLink": "https://www.sec.gov/Archives/edgar/data/97745/000009774516000043/tmo201510k.htm"
    },
    {
        "date": "2014-12-31",
        "symbol": "TMO",
        "reportedCurrency": "USD",
        "cik": "0000097745",
        "fillingDate": "2015-02-26",
        "acceptedDate": "2015-02-26 16:27:46",
        "calendarYear": "2014",
        "period": "FY",
        "revenue": 16889600000,
        "costOfRevenue": 9397600000,
        "grossProfit": 7492000000,
        "grossProfitRatio": 0.4435865858279651,
        "researchAndDevelopmentExpenses": 691100000,
        "generalAndAdministrativeExpenses": 0,
        "sellingAndMarketingExpenses": 0,
        "sellingGeneralAndAdministrativeExpenses": 4896100000,
        "otherExpenses": 0,
        "operatingExpenses": 5587200000,
        "costAndExpenses": 14984800000,
        "interestIncome": 47700000,
        "interestExpense": 479900000,
        "depreciationAndAmortization": 1684800000,
        "ebitda": 4250800000,
        "ebitdaratio": 0.2516815081470254,
        "operatingIncome": 2503000000,
        "operatingIncomeRatio": 0.14819770746494884,
        "totalOtherIncomeExpensesNet": -415800000,
        "incomeBeforeTax": 2087200000,
        "incomeBeforeTaxRatio": 0.12357900719969686,
        "incomeTaxExpense": 191700000,
        "netIncome": 1894400000,
        "netIncomeRatio": 0.11216369837059492,
        "eps": 4.76,
        "epsdiluted": 4.71,
        "weightedAverageShsOut": 398200000,
        "weightedAverageShsOutDil": 402300000,
        "link": "https://www.sec.gov/Archives/edgar/data/97745/000009774515000007/tmok2014.htm",
        "finalLink": "https://www.sec.gov/Archives/edgar/data/97745/000009774515000007/tmok2014.htm"
    },
    {
        "date": "2013-12-31",
        "symbol": "TMO",
        "reportedCurrency": "USD",
        "cik": "0000097745",
        "fillingDate": "2014-02-27",
        "acceptedDate": "2014-02-27 15:36:55",
        "calendarYear": "2013",
        "period": "FY",
        "revenue": 13090300000,
        "costOfRevenue": 7561200000,
        "grossProfit": 5529100000,
        "grossProfitRatio": 0.42238145802617205,
        "researchAndDevelopmentExpenses": 395500000,
        "generalAndAdministrativeExpenses": 0,
        "sellingAndMarketingExpenses": 0,
        "sellingGeneralAndAdministrativeExpenses": 3446300000,
        "otherExpenses": 0,
        "operatingExpenses": 3841800000,
        "costAndExpenses": 11403000000,
        "interestIncome": 28000000,
        "interestExpense": 262100000,
        "depreciationAndAmortization": 999900000,
        "ebitda": 2575700000,
        "ebitdaratio": 0.19676401610352703,
        "operatingIncome": 1609600000,
        "operatingIncomeRatio": 0.12296127667051175,
        "totalOtherIncomeExpensesNet": -290100000,
        "incomeBeforeTax": 1319500000,
        "incomeBeforeTaxRatio": 0.1007998288809271,
        "incomeTaxExpense": 40400000,
        "netIncome": 1273300000,
        "netIncomeRatio": 0.09727049800233761,
        "eps": 3.53,
        "epsdiluted": 3.48,
        "weightedAverageShsOut": 360300000,
        "weightedAverageShsOutDil": 365800000,
        "link": "https://www.sec.gov/Archives/edgar/data/97745/000009774514000014/tmok2013.htm",
        "finalLink": "https://www.sec.gov/Archives/edgar/data/97745/000009774514000014/tmok2013.htm"
    },
    {
        "date": "2012-12-31",
        "symbol": "TMO",
        "reportedCurrency": "USD",
        "cik": "0000097745",
        "fillingDate": "2013-02-27",
        "acceptedDate": "2013-02-27 15:07:40",
        "calendarYear": "2012",
        "period": "FY",
        "revenue": 12509900000,
        "costOfRevenue": 7214400000,
        "grossProfit": 5295500000,
        "grossProfitRatio": 0.4233047426438261,
        "researchAndDevelopmentExpenses": 376400000,
        "generalAndAdministrativeExpenses": 0,
        "sellingAndMarketingExpenses": 0,
        "sellingGeneralAndAdministrativeExpenses": 3354900000,
        "otherExpenses": 0,
        "operatingExpenses": 3731300000,
        "costAndExpenses": 10945700000,
        "interestIncome": 25200000,
        "interestExpense": 241600000,
        "depreciationAndAmortization": 983700000,
        "ebitda": 2414200000,
        "ebitdaratio": 0.1929831573393872,
        "operatingIncome": 1482100000,
        "operatingIncomeRatio": 0.1184741684585808,
        "totalOtherIncomeExpensesNet": -212700000,
        "incomeBeforeTax": 1269400000,
        "incomeBeforeTaxRatio": 0.10147163446550332,
        "incomeTaxExpense": 11000000,
        "netIncome": 1177900000,
        "netIncomeRatio": 0.09415742731756449,
        "eps": 3.24,
        "epsdiluted": 3.21,
        "weightedAverageShsOut": 363800000,
        "weightedAverageShsOutDil": 366600000,
        "link": "https://www.sec.gov/Archives/edgar/data/97745/000009774513000007/0000097745-13-000007-index.html",
        "finalLink": "https://www.sec.gov/Archives/edgar/data/97745/000009774513000007/tmok12.htm"
    },
    {
        "date": "2011-12-31",
        "symbol": "TMO",
        "reportedCurrency": "USD",
        "cik": "0000097745",
        "fillingDate": "2012-02-29",
        "acceptedDate": "2012-02-29 16:27:56",
        "calendarYear": "2011",
        "period": "FY",
        "revenue": 11725900000,
        "costOfRevenue": 6913200000,
        "grossProfit": 4812700000,
        "grossProfitRatio": 0.4104333142871763,
        "researchAndDevelopmentExpenses": 340600000,
        "generalAndAdministrativeExpenses": 0,
        "sellingAndMarketingExpenses": 0,
        "sellingGeneralAndAdministrativeExpenses": 3126500000,
        "otherExpenses": 0,
        "operatingExpenses": 3467100000,
        "costAndExpenses": 10380300000,
        "interestIncome": 26900000,
        "interestExpense": 175300000,
        "depreciationAndAmortization": 863500000,
        "ebitda": 2475700000,
        "ebitdaratio": 0.21113091532419687,
        "operatingIncome": 1245200000,
        "operatingIncomeRatio": 0.10619227521981255,
        "totalOtherIncomeExpensesNet": -118600000,
        "incomeBeforeTax": 1126600000,
        "incomeBeforeTaxRatio": 0.09607791299601737,
        "incomeTaxExpense": 107000000,
        "netIncome": 1329900000,
        "netIncomeRatio": 0.11341560136108955,
        "eps": 3.49,
        "epsdiluted": 3.46,
        "weightedAverageShsOut": 380800000,
        "weightedAverageShsOutDil": 384800000,
        "link": "https://www.sec.gov/Archives/edgar/data/97745/000009774512000010/0000097745-12-000010-index.html",
        "finalLink": "https://www.sec.gov/Archives/edgar/data/97745/000009774512000010/tmok11.htm"
    },
    {
        "date": "2010-12-31",
        "symbol": "TMO",
        "reportedCurrency": "USD",
        "cik": "0000097745",
        "fillingDate": "2011-02-24",
        "acceptedDate": "2011-02-24 16:59:42",
        "calendarYear": "2010",
        "period": "FY",
        "revenue": 10788700000,
        "costOfRevenue": 6350000000,
        "grossProfit": 4438700000,
        "grossProfitRatio": 0.41142120922817393,
        "researchAndDevelopmentExpenses": 287200000,
        "generalAndAdministrativeExpenses": 0,
        "sellingAndMarketingExpenses": 0,
        "sellingGeneralAndAdministrativeExpenses": 2826200000,
        "otherExpenses": 0,
        "operatingExpenses": 3113400000,
        "costAndExpenses": 9463400000,
        "interestIncome": 12500000,
        "interestExpense": 84700000,
        "depreciationAndAmortization": 770000000,
        "ebitda": 2021800000,
        "ebitdaratio": 0.1873997793988154,
        "operatingIncome": 1264900000,
        "operatingIncomeRatio": 0.11724304133028075,
        "totalOtherIncomeExpensesNet": -100300000,
        "incomeBeforeTax": 1164600000,
        "incomeBeforeTaxRatio": 0.1079462771232864,
        "incomeTaxExpense": 131500000,
        "netIncome": 1035600000,
        "netIncomeRatio": 0.0959893221611501,
        "eps": 2.57,
        "epsdiluted": 2.53,
        "weightedAverageShsOut": 403300000,
        "weightedAverageShsOutDil": 409400000,
        "link": "https://www.sec.gov/Archives/edgar/data/97745/000009774511000013/tmok2010.htm",
        "finalLink": "https://www.sec.gov/Archives/edgar/data/97745/000009774511000013/tmok2010.htm"
    },
    {
        "date": "2009-12-31",
        "symbol": "TMO",
        "reportedCurrency": "USD",
        "cik": "0000097745",
        "fillingDate": "2009-12-31",
        "acceptedDate": "2009-12-30 19:00:00",
        "calendarYear": "2009",
        "period": "FY",
        "revenue": 10109700000,
        "costOfRevenue": 6085000000,
        "grossProfit": 4024700000,
        "grossProfitRatio": 0.39810281215070675,
        "researchAndDevelopmentExpenses": 246100000,
        "generalAndAdministrativeExpenses": 0,
        "sellingAndMarketingExpenses": 0,
        "sellingGeneralAndAdministrativeExpenses": 2668900000,
        "otherExpenses": 0,
        "operatingExpenses": 2915000000,
        "costAndExpenses": 9000000000,
        "interestIncome": 16100000,
        "interestExpense": 118100000,
        "depreciationAndAmortization": 787300000,
        "ebitda": 1831500000,
        "ebitdaratio": 0.18116264577583904,
        "operatingIncome": 1048900000,
        "operatingIncomeRatio": 0.10375184229007785,
        "totalOtherIncomeExpensesNet": -121800000,
        "incomeBeforeTax": 927100000,
        "incomeBeforeTaxRatio": 0.09170400704274113,
        "incomeTaxExpense": 75800000,
        "netIncome": 850300000,
        "netIncomeRatio": 0.08410734245328744,
        "eps": 2.06,
        "epsdiluted": 2.01,
        "weightedAverageShsOut": 412400000,
        "weightedAverageShsOutDil": 423034826,
        "link": "",
        "finalLink": ""
    },
    {
        "date": "2008-12-31",
        "symbol": "TMO",
        "reportedCurrency": "USD",
        "cik": "0000097745",
        "fillingDate": "2009-02-27",
        "acceptedDate": "2009-02-27 13:23:17",
        "calendarYear": "2008",
        "period": "FY",
        "revenue": 10498000000,
        "costOfRevenue": 6291800000,
        "grossProfit": 4206200000,
        "grossProfitRatio": 0.4006667936749857,
        "researchAndDevelopmentExpenses": 249100000,
        "generalAndAdministrativeExpenses": 0,
        "sellingAndMarketingExpenses": 0,
        "sellingGeneralAndAdministrativeExpenses": 2692300000,
        "otherExpenses": 0,
        "operatingExpenses": 2941400000,
        "costAndExpenses": 9233200000,
        "interestIncome": 0,
        "interestExpense": 0,
        "depreciationAndAmortization": 792700000,
        "ebitda": 1947800000,
        "ebitdaratio": 0.18554010287673842,
        "operatingIncome": 1229400000,
        "operatingIncomeRatio": 0.11710802057534768,
        "totalOtherIncomeExpensesNet": -79800000,
        "incomeBeforeTax": 1149600000,
        "incomeBeforeTaxRatio": 0.10950657268051057,
        "incomeTaxExpense": 160900000,
        "netIncome": 994200000,
        "netIncomeRatio": 0.09470375309582778,
        "eps": 2.38,
        "epsdiluted": 2.29,
        "weightedAverageShsOut": 418200000,
        "weightedAverageShsOutDil": 434800000,
        "link": "https://www.sec.gov/Archives/edgar/data/97745/000009774509000011/0000097745-09-000011-index.html",
        "finalLink": "https://www.sec.gov/Archives/edgar/data/97745/000009774509000011/tmok08.htm"
    },
    {
        "date": "2007-12-31",
        "symbol": "TMO",
        "reportedCurrency": "USD",
        "cik": "0000097745",
        "fillingDate": "2008-02-29",
        "acceptedDate": "2008-02-29 12:58:50",
        "calendarYear": "2007",
        "period": "FY",
        "revenue": 9746400000,
        "costOfRevenue": 5942000000,
        "grossProfit": 3804400000,
        "grossProfitRatio": 0.3903389969629812,
        "researchAndDevelopmentExpenses": 238700000,
        "generalAndAdministrativeExpenses": 0,
        "sellingAndMarketingExpenses": 0,
        "sellingGeneralAndAdministrativeExpenses": 2549100000,
        "otherExpenses": 0,
        "operatingExpenses": 2787800000,
        "costAndExpenses": 8729800000,
        "interestIncome": 0,
        "interestExpense": 0,
        "depreciationAndAmortization": 756800000,
        "ebitda": 1619600000,
        "ebitdaratio": 0.16617417713206928,
        "operatingIncome": 974400000,
        "operatingIncomeRatio": 0.09997537552327013,
        "totalOtherIncomeExpensesNet": -93100000,
        "incomeBeforeTax": 881300000,
        "incomeBeforeTaxRatio": 0.09042313059180826,
        "incomeTaxExpense": 101700000,
        "netIncome": 761100000,
        "netIncomeRatio": 0.07809037182959862,
        "eps": 1.81,
        "epsdiluted": 1.72,
        "weightedAverageShsOut": 421500000,
        "weightedAverageShsOutDil": 443700000,
        "link": "https://www.sec.gov/Archives/edgar/data/97745/000009774508000043/tmok2007.htm",
        "finalLink": "https://www.sec.gov/Archives/edgar/data/97745/000009774508000043/tmok2007.htm"
    },
    {
        "date": "2006-12-31",
        "symbol": "TMO",
        "reportedCurrency": "USD",
        "cik": "0000097745",
        "fillingDate": "2007-03-01",
        "acceptedDate": "2007-03-01 16:41:57",
        "calendarYear": "2006",
        "period": "FY",
        "revenue": 3791617000,
        "costOfRevenue": 2223557000,
        "grossProfit": 1568060000,
        "grossProfitRatio": 0.4135597028919324,
        "researchAndDevelopmentExpenses": 170184000,
        "generalAndAdministrativeExpenses": 0,
        "sellingAndMarketingExpenses": 0,
        "sellingGeneralAndAdministrativeExpenses": 1110205000,
        "otherExpenses": 0,
        "operatingExpenses": 1280389000,
        "costAndExpenses": 3503946000,
        "interestIncome": 0,
        "interestExpense": 0,
        "depreciationAndAmortization": 240773000,
        "ebitda": 452762000,
        "ebitdaratio": 0.11941132239886043,
        "operatingIncome": 241959000,
        "operatingIncomeRatio": 0.06381419853323793,
        "totalOtherIncomeExpensesNet": -32589000,
        "incomeBeforeTax": 209370000,
        "incomeBeforeTaxRatio": 0.05521918484910264,
        "incomeTaxExpense": 43054000,
        "netIncome": 168935000,
        "netIncomeRatio": 0.044554869334112596,
        "eps": 0.86,
        "epsdiluted": 0.84,
        "weightedAverageShsOut": 196057000,
        "weightedAverageShsOutDil": 203672000,
        "link": "https://www.sec.gov/Archives/edgar/data/97745/000009774507000053/tmok2006.htm",
        "finalLink": "https://www.sec.gov/Archives/edgar/data/97745/000009774507000053/tmok2006.htm"
    },
    {
        "date": "2005-12-31",
        "symbol": "TMO",
        "reportedCurrency": "USD",
        "cik": "0000097745",
        "fillingDate": "2005-12-31",
        "acceptedDate": "2005-12-30 19:00:00",
        "calendarYear": "2005",
        "period": "FY",
        "revenue": 2633027000,
        "costOfRevenue": 1438079000,
        "grossProfit": 1194948000,
        "grossProfitRatio": 0.4538305152206947,
        "researchAndDevelopmentExpenses": 152775000,
        "generalAndAdministrativeExpenses": 0,
        "sellingAndMarketingExpenses": 0,
        "sellingGeneralAndAdministrativeExpenses": 761786000,
        "otherExpenses": 0,
        "operatingExpenses": 914561000,
        "costAndExpenses": 2352640000,
        "interestIncome": 0,
        "interestExpense": 0,
        "depreciationAndAmortization": 123272000,
        "ebitda": 434087000,
        "ebitdaratio": 0.1648623428472249,
        "operatingIncome": 263487000,
        "operatingIncomeRatio": 0.10006999548428482,
        "totalOtherIncomeExpensesNet": 22411000,
        "incomeBeforeTax": 285898000,
        "incomeBeforeTaxRatio": 0.10858149194824056,
        "incomeTaxExpense": 87597000,
        "netIncome": 223218000,
        "netIncomeRatio": 0.08477619105311111,
        "eps": 1.38,
        "epsdiluted": 1.36,
        "weightedAverageShsOut": 161587000,
        "weightedAverageShsOutDil": 165334000,
        "link": "",
        "finalLink": ""
    },
    {
        "date": "2004-12-31",
        "symbol": "TMO",
        "reportedCurrency": "USD",
        "cik": "0000097745",
        "fillingDate": "2004-12-31",
        "acceptedDate": "2004-12-30 19:00:00",
        "calendarYear": "2004",
        "period": "FY",
        "revenue": 2205995000,
        "costOfRevenue": 1191516000,
        "grossProfit": 1014479000,
        "grossProfitRatio": 0.45987366245163747,
        "researchAndDevelopmentExpenses": 134680000,
        "generalAndAdministrativeExpenses": 0,
        "sellingAndMarketingExpenses": 0,
        "sellingGeneralAndAdministrativeExpenses": 626458000,
        "otherExpenses": 0,
        "operatingExpenses": 761138000,
        "costAndExpenses": 1952654000,
        "interestIncome": 0,
        "interestExpense": 0,
        "depreciationAndAmortization": 66141000,
        "ebitda": 468830000,
        "ebitdaratio": 0.21252541370220693,
        "operatingIncome": 237512000,
        "operatingIncomeRatio": 0.10766660849185969,
        "totalOtherIncomeExpensesNet": 21707000,
        "incomeBeforeTax": 259219000,
        "incomeBeforeTaxRatio": 0.11750661266231338,
        "incomeTaxExpense": 40852000,
        "netIncome": 361837000,
        "netIncomeRatio": 0.16402439715411865,
        "eps": 2.22,
        "epsdiluted": 2.17,
        "weightedAverageShsOut": 163133000,
        "weightedAverageShsOutDil": 167641000,
        "link": "",
        "finalLink": ""
    },
    {
        "date": "2003-12-31",
        "symbol": "TMO",
        "reportedCurrency": "USD",
        "cik": "0000097745",
        "fillingDate": "2004-03-02",
        "acceptedDate": "2004-03-01 19:00:00",
        "calendarYear": "2003",
        "period": "FY",
        "revenue": 2097135000,
        "costOfRevenue": 1149120000,
        "grossProfit": 948015000,
        "grossProfitRatio": 0.45205244297577407,
        "researchAndDevelopmentExpenses": 146394000,
        "generalAndAdministrativeExpenses": 0,
        "sellingAndMarketingExpenses": 0,
        "sellingGeneralAndAdministrativeExpenses": 568138000,
        "otherExpenses": 0,
        "operatingExpenses": 714532000,
        "costAndExpenses": 1863652000,
        "interestIncome": 0,
        "interestExpense": 0,
        "depreciationAndAmortization": 58548000,
        "ebitda": 304493000,
        "ebitdaratio": 0.1451947537950585,
        "operatingIncome": 184774000,
        "operatingIncomeRatio": 0.08810782329225347,
        "totalOtherIncomeExpensesNet": 33859000,
        "incomeBeforeTax": 218633000,
        "incomeBeforeTaxRatio": 0.10425318350988372,
        "incomeTaxExpense": 45936000,
        "netIncome": 200009000,
        "netIncomeRatio": 0.09537249628660052,
        "eps": 1.23,
        "epsdiluted": 1.2,
        "weightedAverageShsOut": 162713000,
        "weightedAverageShsOutDil": 170730000,
        "link": "https://www.sec.gov/Archives/edgar/data/97745/000009774504000036/0000097745-04-000036-index.htm",
        "finalLink": "https://www.sec.gov/Archives/edgar/data/97745/000009774504000036/tmok03.txt"
    },
    {
        "date": "2002-12-28",
        "symbol": "TMO",
        "reportedCurrency": "USD",
        "cik": "0000097745",
        "fillingDate": "2002-12-28",
        "acceptedDate": "2002-12-27 19:00:00",
        "calendarYear": "2002",
        "period": "FY",
        "revenue": 2086355000,
        "costOfRevenue": 1158979000,
        "grossProfit": 927376000,
        "grossProfitRatio": 0.44449578331587863,
        "researchAndDevelopmentExpenses": 155121000,
        "generalAndAdministrativeExpenses": 0,
        "sellingAndMarketingExpenses": 0,
        "sellingGeneralAndAdministrativeExpenses": 564656000,
        "otherExpenses": 0,
        "operatingExpenses": 719777000,
        "costAndExpenses": 1878756000,
        "interestIncome": 0,
        "interestExpense": 0,
        "depreciationAndAmortization": 56376000,
        "ebitda": 459093000,
        "ebitdaratio": 0.22004548602706633,
        "operatingIncome": 155453000,
        "operatingIncomeRatio": 0.07450937160742059,
        "totalOtherIncomeExpensesNet": 132533000,
        "incomeBeforeTax": 287986000,
        "incomeBeforeTaxRatio": 0.13803307682537247,
        "incomeTaxExpense": 92987000,
        "netIncome": 309730000,
        "netIncomeRatio": 0.14845508075087893,
        "eps": 1.84,
        "epsdiluted": 1.73,
        "weightedAverageShsOut": 168572000,
        "weightedAverageShsOutDil": 186611000,
        "link": "",
        "finalLink": ""
    },
    {
        "date": "2001-12-29",
        "symbol": "TMO",
        "reportedCurrency": "USD",
        "cik": "0000097745",
        "fillingDate": "2002-03-15",
        "acceptedDate": "2002-03-15 00:00:00",
        "calendarYear": "2001",
        "period": "FY",
        "revenue": 2188210000,
        "costOfRevenue": 1229588000,
        "grossProfit": 958622000,
        "grossProfitRatio": 0.43808501012242884,
        "researchAndDevelopmentExpenses": 171614000,
        "generalAndAdministrativeExpenses": 0,
        "sellingAndMarketingExpenses": 0,
        "sellingGeneralAndAdministrativeExpenses": 620104000,
        "otherExpenses": 0,
        "operatingExpenses": 791718000,
        "costAndExpenses": 2021306000,
        "interestIncome": 0,
        "interestExpense": 0,
        "depreciationAndAmortization": 98521000,
        "ebitda": 124669000,
        "ebitdaratio": 0.05697305103257914,
        "operatingIncome": 34202000,
        "operatingIncomeRatio": 0.015630126907380918,
        "totalOtherIncomeExpensesNet": 42319000,
        "incomeBeforeTax": 76521000,
        "incomeBeforeTaxRatio": 0.034969678412949394,
        "incomeTaxExpense": 26929000,
        "netIncome": -781000,
        "netIncomeRatio": -0.0003569127277546488,
        "eps": -0.004325431989366415,
        "epsdiluted": -0.004246503838708976,
        "weightedAverageShsOut": 180560000,
        "weightedAverageShsOutDil": 183916000,
        "link": "https://www.sec.gov/Archives/edgar/data/97745/000009774502000016/0000097745-02-000016-index.htm",
        "finalLink": "https://www.sec.gov/Archives/edgar/data/97745/000009774502000016/tmok01.txt"
    },
    {
        "date": "2000-12-30",
        "symbol": "TMO",
        "reportedCurrency": "USD",
        "cik": "0000097745",
        "fillingDate": "2000-12-30",
        "acceptedDate": "2000-12-29 19:00:00",
        "calendarYear": "2000",
        "period": "FY",
        "revenue": 2280522000,
        "costOfRevenue": 1258686000,
        "grossProfit": 1021836000,
        "grossProfitRatio": 0.44807109951142765,
        "researchAndDevelopmentExpenses": 176756000,
        "generalAndAdministrativeExpenses": 0,
        "sellingAndMarketingExpenses": 0,
        "sellingGeneralAndAdministrativeExpenses": 646920000,
        "otherExpenses": 0,
        "operatingExpenses": 823676000,
        "costAndExpenses": 2082362000,
        "interestIncome": 0,
        "interestExpense": 0,
        "depreciationAndAmortization": 97486000,
        "ebitda": 173592000,
        "ebitdaratio": 0.07611941476556683,
        "operatingIncome": 198160000,
        "operatingIncomeRatio": 0.08689238691843358,
        "totalOtherIncomeExpensesNet": -23896000,
        "incomeBeforeTax": 174264000,
        "incomeBeforeTaxRatio": 0.07641408414389338,
        "incomeTaxExpense": 112217000,
        "netIncome": -36111000,
        "netIncomeRatio": -0.015834532620163277,
        "eps": -0.22,
        "epsdiluted": -0.22,
        "weightedAverageShsOut": 167462000,
        "weightedAverageShsOutDil": 170519000,
        "link": "",
        "finalLink": ""
    },
    {
        "date": "2000-01-01",
        "symbol": "TMO",
        "reportedCurrency": "USD",
        "cik": "0000097745",
        "fillingDate": "2000-01-01",
        "acceptedDate": "1999-12-31 19:00:00",
        "calendarYear": "1999",
        "period": "FY",
        "revenue": 2471200000,
        "costOfRevenue": 1264900000,
        "grossProfit": 1206300000,
        "grossProfitRatio": 0.48814341210747814,
        "researchAndDevelopmentExpenses": 171100000,
        "generalAndAdministrativeExpenses": 0,
        "sellingAndMarketingExpenses": 0,
        "sellingGeneralAndAdministrativeExpenses": 673000000,
        "otherExpenses": 113600000,
        "operatingExpenses": 957700000,
        "costAndExpenses": 2222600000,
        "interestIncome": 0,
        "interestExpense": 0,
        "depreciationAndAmortization": 113600000,
        "ebitda": -27900000,
        "ebitdaratio": -0.011290061508578829,
        "operatingIncome": 248600000,
        "operatingIncomeRatio": 0.10059889932016834,
        "totalOtherIncomeExpensesNet": -230100000,
        "incomeBeforeTax": 18500000,
        "incomeBeforeTaxRatio": 0.007486241502104241,
        "incomeTaxExpense": 33100000,
        "netIncome": -174600000,
        "netIncomeRatio": -0.07065393331175138,
        "eps": -1.1,
        "epsdiluted": -1.13,
        "weightedAverageShsOut": 157987000,
        "weightedAverageShsOutDil": 157987000,
        "link": "",
        "finalLink": ""
    },
    {
        "date": "1999-01-02",
        "symbol": "TMO",
        "reportedCurrency": "USD",
        "cik": "0000097745",
        "fillingDate": "1999-01-02",
        "acceptedDate": "1999-01-01 19:00:00",
        "calendarYear": "1998",
        "period": "FY",
        "revenue": 3867600000,
        "costOfRevenue": 2024600000,
        "grossProfit": 1843000000,
        "grossProfitRatio": 0.4765229082635226,
        "researchAndDevelopmentExpenses": 367300000,
        "generalAndAdministrativeExpenses": 0,
        "sellingAndMarketingExpenses": 0,
        "sellingGeneralAndAdministrativeExpenses": 937600000,
        "otherExpenses": 162300000,
        "operatingExpenses": 1467200000,
        "costAndExpenses": 3491800000,
        "interestIncome": 0,
        "interestExpense": 0,
        "depreciationAndAmortization": 162300000,
        "ebitda": 514900000,
        "ebitdaratio": 0.13313165787568518,
        "operatingIncome": 375800000,
        "operatingIncomeRatio": 0.0971662012617644,
        "totalOtherIncomeExpensesNet": -28300000,
        "incomeBeforeTax": 347500000,
        "incomeBeforeTaxRatio": 0.08984900196504292,
        "incomeTaxExpense": 170700000,
        "netIncome": 181900000,
        "netIncomeRatio": 0.04703175095666563,
        "eps": 1.12,
        "epsdiluted": 1.07,
        "weightedAverageShsOut": 161866000,
        "weightedAverageShsOutDil": 178449000,
        "link": "",
        "finalLink": ""
    },
    {
        "date": "1998-01-03",
        "symbol": "TMO",
        "reportedCurrency": "USD",
        "cik": "0000097745",
        "fillingDate": "1998-01-03",
        "acceptedDate": "1998-01-02 19:00:00",
        "calendarYear": "1997",
        "period": "FY",
        "revenue": 3558300000,
        "costOfRevenue": 1837600000,
        "grossProfit": 1720700000,
        "grossProfitRatio": 0.48357361661467557,
        "researchAndDevelopmentExpenses": 337300000,
        "generalAndAdministrativeExpenses": 0,
        "sellingAndMarketingExpenses": 0,
        "sellingGeneralAndAdministrativeExpenses": 840700000,
        "otherExpenses": 135700000,
        "operatingExpenses": 1313700000,
        "costAndExpenses": 3151300000,
        "interestIncome": 0,
        "interestExpense": 0,
        "depreciationAndAmortization": 135700000,
        "ebitda": 549700000,
        "ebitdaratio": 0.15448388275300004,
        "operatingIncome": 407000000,
        "operatingIncomeRatio": 0.11438046258044572,
        "totalOtherIncomeExpensesNet": 7000000,
        "incomeBeforeTax": 414000000,
        "incomeBeforeTaxRatio": 0.11634769412359834,
        "incomeTaxExpense": 174700000,
        "netIncome": 239300000,
        "netIncomeRatio": 0.0672512154680606,
        "eps": 1.57,
        "epsdiluted": 1.41,
        "weightedAverageShsOut": 152489000,
        "weightedAverageShsOutDil": 176082000,
        "link": "",
        "finalLink": ""
    },
    {
        "date": "1996-12-28",
        "symbol": "TMO",
        "reportedCurrency": "USD",
        "cik": "0000097745",
        "fillingDate": "1996-12-28",
        "acceptedDate": "1996-12-27 19:00:00",
        "calendarYear": "1996",
        "period": "FY",
        "revenue": 2932600000,
        "costOfRevenue": 1542500000,
        "grossProfit": 1390100000,
        "grossProfitRatio": 0.4740162313305599,
        "researchAndDevelopmentExpenses": 0,
        "generalAndAdministrativeExpenses": 0,
        "sellingAndMarketingExpenses": 0,
        "sellingGeneralAndAdministrativeExpenses": 990700000,
        "otherExpenses": 115200000,
        "operatingExpenses": 1105900000,
        "costAndExpenses": 2648400000,
        "interestIncome": 0,
        "interestExpense": 0,
        "depreciationAndAmortization": 115200000,
        "ebitda": 416800000,
        "ebitdaratio": 0.14212644070108435,
        "operatingIncome": 284200000,
        "operatingIncomeRatio": 0.09691059128418468,
        "totalOtherIncomeExpensesNet": 17400000,
        "incomeBeforeTax": 301600000,
        "incomeBeforeTaxRatio": 0.10284389279137966,
        "incomeTaxExpense": 110800000,
        "netIncome": 190800000,
        "netIncomeRatio": 0.0650617199754484,
        "eps": 1.35,
        "epsdiluted": 1.22,
        "weightedAverageShsOut": 141525000,
        "weightedAverageShsOutDil": 175700000,
        "link": "",
        "finalLink": ""
    },
    {
        "date": "1995-12-30",
        "symbol": "TMO",
        "reportedCurrency": "USD",
        "cik": "0000097745",
        "fillingDate": "1995-12-30",
        "acceptedDate": "1995-12-29 19:00:00",
        "calendarYear": "1995",
        "period": "FY",
        "revenue": 2207400000,
        "costOfRevenue": 1124700000,
        "grossProfit": 1082700000,
        "grossProfitRatio": 0.4904865452568633,
        "researchAndDevelopmentExpenses": 269600000,
        "generalAndAdministrativeExpenses": 0,
        "sellingAndMarketingExpenses": 0,
        "sellingGeneralAndAdministrativeExpenses": 480800000,
        "otherExpenses": 85000000,
        "operatingExpenses": 835400000,
        "costAndExpenses": 1960100000,
        "interestIncome": 0,
        "interestExpense": 0,
        "depreciationAndAmortization": 85000000,
        "ebitda": 324000000,
        "ebitdaratio": 0.14677901603696658,
        "operatingIncome": 247300000,
        "operatingIncomeRatio": 0.11203225514179578,
        "totalOtherIncomeExpensesNet": -8300000,
        "incomeBeforeTax": 239000000,
        "incomeBeforeTaxRatio": 0.1082721754099846,
        "incomeTaxExpense": 98900000,
        "netIncome": 140100000,
        "netIncomeRatio": 0.06346833378635498,
        "eps": 1.113333,
        "epsdiluted": 0.986667,
        "weightedAverageShsOut": 125484000,
        "weightedAverageShsOutDil": 158103000,
        "link": "",
        "finalLink": ""
    },
    {
        "date": "1994-12-31",
        "symbol": "TMO",
        "reportedCurrency": "USD",
        "cik": "0000097745",
        "fillingDate": "1995-03-08",
        "acceptedDate": "1995-03-08 00:00:00",
        "calendarYear": "1994",
        "period": "FY",
        "revenue": 1585300000,
        "costOfRevenue": 866300000,
        "grossProfit": 719000000,
        "grossProfitRatio": 0.4535419163565256,
        "researchAndDevelopmentExpenses": 103700000,
        "generalAndAdministrativeExpenses": 0,
        "sellingAndMarketingExpenses": 0,
        "sellingGeneralAndAdministrativeExpenses": 373200000,
        "otherExpenses": 62300000,
        "operatingExpenses": 539200000,
        "costAndExpenses": 1405500000,
        "interestIncome": 0,
        "interestExpense": 0,
        "depreciationAndAmortization": 62300000,
        "ebitda": 234900000,
        "ebitdaratio": 0.1481738472213461,
        "operatingIncome": 179800000,
        "operatingIncomeRatio": 0.11341701886078345,
        "totalOtherIncomeExpensesNet": -7200000,
        "incomeBeforeTax": 172600000,
        "incomeBeforeTaxRatio": 0.10887529174288778,
        "incomeTaxExpense": 69200000,
        "netIncome": 103400000,
        "netIncomeRatio": 0.0652242477764461,
        "eps": 0.933333,
        "epsdiluted": 0.822222,
        "weightedAverageShsOut": 110801250,
        "weightedAverageShsOutDil": 145530000,
        "link": "https://www.sec.gov/Archives/edgar/data/97745/000009774595000027/0000097745-95-000027-index.html",
        "finalLink": "https://www.sec.gov/Archives/edgar/data/97745/0000097745-95-000027.txt"
    },
    {
        "date": "1993-12-31",
        "symbol": "TMO",
        "reportedCurrency": "USD",
        "cik": "0000097745",
        "fillingDate": "1993-12-31",
        "acceptedDate": "1993-12-30 19:00:00",
        "calendarYear": "1993",
        "period": "FY",
        "revenue": 1249700000,
        "costOfRevenue": 713100000,
        "grossProfit": 536600000,
        "grossProfitRatio": 0.4293830519324638,
        "researchAndDevelopmentExpenses": 0,
        "generalAndAdministrativeExpenses": 0,
        "sellingAndMarketingExpenses": 0,
        "sellingGeneralAndAdministrativeExpenses": 370600000,
        "otherExpenses": 42400000,
        "operatingExpenses": 413000000,
        "costAndExpenses": 1126100000,
        "interestIncome": 0,
        "interestExpense": 0,
        "depreciationAndAmortization": 42400000,
        "ebitda": 152400000,
        "ebitdaratio": 0.12194926782427783,
        "operatingIncome": 123600000,
        "operatingIncomeRatio": 0.09890373689685525,
        "totalOtherIncomeExpensesNet": -13600000,
        "incomeBeforeTax": 110000000,
        "incomeBeforeTaxRatio": 0.0880211250700168,
        "incomeTaxExpense": 33400000,
        "netIncome": 76600000,
        "netIncomeRatio": 0.06129471073057534,
        "eps": 0.328889,
        "epsdiluted": 0.288889,
        "weightedAverageShsOut": 107711000,
        "weightedAverageShsOutDil": 107711000,
        "link": "",
        "finalLink": ""
    },
    {
        "date": "1992-12-31",
        "symbol": "TMO",
        "reportedCurrency": "USD",
        "cik": "0000097745",
        "fillingDate": "1992-12-31",
        "acceptedDate": "1992-12-30 19:00:00",
        "calendarYear": "1992",
        "period": "FY",
        "revenue": 949000000,
        "costOfRevenue": 579800000,
        "grossProfit": 369200000,
        "grossProfitRatio": 0.38904109589041097,
        "researchAndDevelopmentExpenses": 0,
        "generalAndAdministrativeExpenses": 0,
        "sellingAndMarketingExpenses": 0,
        "sellingGeneralAndAdministrativeExpenses": 271700000,
        "otherExpenses": 29200000,
        "operatingExpenses": 300900000,
        "costAndExpenses": 880700000,
        "interestIncome": 0,
        "interestExpense": 0,
        "depreciationAndAmortization": 29200000,
        "ebitda": 115900000,
        "ebitdaratio": 0.12212855637513172,
        "operatingIncome": 68300000,
        "operatingIncomeRatio": 0.0719704952581665,
        "totalOtherIncomeExpensesNet": 19800000,
        "incomeBeforeTax": 88100000,
        "incomeBeforeTaxRatio": 0.0928345626975764,
        "incomeTaxExpense": 27500000,
        "netIncome": 59200000,
        "netIncomeRatio": 0.06238145416227608,
        "eps": 0.180741,
        "epsdiluted": 0.168889,
        "weightedAverageShsOut": 91036000,
        "weightedAverageShsOutDil": 91036000,
        "link": "",
        "finalLink": ""
    },
    {
        "date": "1991-12-31",
        "symbol": "TMO",
        "reportedCurrency": "USD",
        "cik": "0000097745",
        "fillingDate": "1991-12-31",
        "acceptedDate": "1991-12-30 19:00:00",
        "calendarYear": "1991",
        "period": "FY",
        "revenue": 805500000,
        "costOfRevenue": 510200000,
        "grossProfit": 295300000,
        "grossProfitRatio": 0.3666045934202359,
        "researchAndDevelopmentExpenses": 0,
        "generalAndAdministrativeExpenses": 0,
        "sellingAndMarketingExpenses": 0,
        "sellingGeneralAndAdministrativeExpenses": 233600000,
        "otherExpenses": 23400000,
        "operatingExpenses": 257000000,
        "costAndExpenses": 767200000,
        "interestIncome": 0,
        "interestExpense": 0,
        "depreciationAndAmortization": 23400000,
        "ebitda": 95400000,
        "ebitdaratio": 0.11843575418994413,
        "operatingIncome": 38300000,
        "operatingIncomeRatio": 0.04754810676598386,
        "totalOtherIncomeExpensesNet": 33700000,
        "incomeBeforeTax": 72000000,
        "incomeBeforeTaxRatio": 0.0893854748603352,
        "incomeTaxExpense": 24900000,
        "netIncome": 47100000,
        "netIncomeRatio": 0.05847299813780261,
        "eps": 0.165926,
        "epsdiluted": 0.157037,
        "weightedAverageShsOut": 87055000,
        "weightedAverageShsOutDil": 87055000,
        "link": "",
        "finalLink": ""
    },
    {
        "date": "1990-12-31",
        "symbol": "TMO",
        "reportedCurrency": "USD",
        "cik": "0000097745",
        "fillingDate": "1990-12-31",
        "acceptedDate": "1990-12-30 19:00:00",
        "calendarYear": "1990",
        "period": "FY",
        "revenue": 708000000,
        "costOfRevenue": 443000000,
        "grossProfit": 265000000,
        "grossProfitRatio": 0.3742937853107345,
        "researchAndDevelopmentExpenses": 0,
        "generalAndAdministrativeExpenses": 0,
        "sellingAndMarketingExpenses": 0,
        "sellingGeneralAndAdministrativeExpenses": 210600000,
        "otherExpenses": 18800000,
        "operatingExpenses": 229400000,
        "costAndExpenses": 672400000,
        "interestIncome": 0,
        "interestExpense": 0,
        "depreciationAndAmortization": 18800000,
        "ebitda": 69800000,
        "ebitdaratio": 0.09858757062146893,
        "operatingIncome": 35600000,
        "operatingIncomeRatio": 0.05028248587570622,
        "totalOtherIncomeExpensesNet": 15400000,
        "incomeBeforeTax": 51000000,
        "incomeBeforeTaxRatio": 0.07203389830508475,
        "incomeTaxExpense": 17100000,
        "netIncome": 33900000,
        "netIncomeRatio": 0.04788135593220339,
        "eps": 0.136296,
        "epsdiluted": 0.127407,
        "weightedAverageShsOut": 70604000,
        "weightedAverageShsOutDil": 70604000,
        "link": "",
        "finalLink": ""
    },
    {
        "date": "1989-12-31",
        "symbol": "TMO",
        "reportedCurrency": "USD",
        "cik": "0000097745",
        "fillingDate": "1989-12-31",
        "acceptedDate": "1989-12-30 19:00:00",
        "calendarYear": "1989",
        "period": "FY",
        "revenue": 579000000,
        "costOfRevenue": 384100000,
        "grossProfit": 194900000,
        "grossProfitRatio": 0.3366148531951641,
        "researchAndDevelopmentExpenses": 0,
        "generalAndAdministrativeExpenses": 0,
        "sellingAndMarketingExpenses": 0,
        "sellingGeneralAndAdministrativeExpenses": 164400000,
        "otherExpenses": 12700000,
        "operatingExpenses": 177100000,
        "costAndExpenses": 561200000,
        "interestIncome": 0,
        "interestExpense": 0,
        "depreciationAndAmortization": 12700000,
        "ebitda": 46900000,
        "ebitdaratio": 0.08100172711571675,
        "operatingIncome": 17800000,
        "operatingIncomeRatio": 0.0307426597582038,
        "totalOtherIncomeExpensesNet": 16400000,
        "incomeBeforeTax": 34200000,
        "incomeBeforeTaxRatio": 0.05906735751295337,
        "incomeTaxExpense": 9600000,
        "netIncome": 24600000,
        "netIncomeRatio": 0.04248704663212435,
        "eps": 0.10963,
        "epsdiluted": 0.103704,
        "weightedAverageShsOut": 61063000,
        "weightedAverageShsOutDil": 61063000,
        "link": "",
        "finalLink": ""
    },
    {
        "date": "1988-12-31",
        "symbol": "TMO",
        "reportedCurrency": "USD",
        "cik": "0000097745",
        "fillingDate": "1988-12-31",
        "acceptedDate": "1988-12-30 19:00:00",
        "calendarYear": "1988",
        "period": "FY",
        "revenue": 500600000,
        "costOfRevenue": 325700000,
        "grossProfit": 174900000,
        "grossProfitRatio": 0.34938074310827005,
        "researchAndDevelopmentExpenses": 0,
        "generalAndAdministrativeExpenses": 0,
        "sellingAndMarketingExpenses": 0,
        "sellingGeneralAndAdministrativeExpenses": 144600000,
        "otherExpenses": 11100000,
        "operatingExpenses": 155700000,
        "costAndExpenses": 481400000,
        "interestIncome": 0,
        "interestExpense": 0,
        "depreciationAndAmortization": 11100000,
        "ebitda": 38500000,
        "ebitdaratio": 0.07690771074710348,
        "operatingIncome": 19200000,
        "operatingIncomeRatio": 0.03835397522972433,
        "totalOtherIncomeExpensesNet": 8200000,
        "incomeBeforeTax": 27400000,
        "incomeBeforeTaxRatio": 0.054734318817419095,
        "incomeTaxExpense": 7300000,
        "netIncome": 20100000,
        "netIncomeRatio": 0.04015181781861766,
        "eps": 0.097778,
        "epsdiluted": 0.091852,
        "weightedAverageShsOut": 58718000,
        "weightedAverageShsOutDil": 58718000,
        "link": "",
        "finalLink": ""
    },
    {
        "date": "1987-12-31",
        "symbol": "TMO",
        "reportedCurrency": "USD",
        "cik": "0000097745",
        "fillingDate": "1987-12-31",
        "acceptedDate": "1987-12-30 19:00:00",
        "calendarYear": "1987",
        "period": "FY",
        "revenue": 383400000,
        "costOfRevenue": 248700000,
        "grossProfit": 134700000,
        "grossProfitRatio": 0.3513302034428795,
        "researchAndDevelopmentExpenses": 0,
        "generalAndAdministrativeExpenses": 0,
        "sellingAndMarketingExpenses": 0,
        "sellingGeneralAndAdministrativeExpenses": 117100000,
        "otherExpenses": 10100000,
        "operatingExpenses": 127200000,
        "costAndExpenses": 375900000,
        "interestIncome": 0,
        "interestExpense": 0,
        "depreciationAndAmortization": 10100000,
        "ebitda": 32800000,
        "ebitdaratio": 0.08555033907146584,
        "operatingIncome": 7500000,
        "operatingIncomeRatio": 0.019561815336463225,
        "totalOtherIncomeExpensesNet": 15200000,
        "incomeBeforeTax": 22700000,
        "incomeBeforeTaxRatio": 0.05920709441836203,
        "incomeTaxExpense": 4600000,
        "netIncome": 18100000,
        "netIncomeRatio": 0.04720918101199791,
        "eps": 0.088889,
        "epsdiluted": 0.085926,
        "weightedAverageShsOut": 57909000,
        "weightedAverageShsOutDil": 57909000,
        "link": "",
        "finalLink": ""
    },
    {
        "date": "1986-12-31",
        "symbol": "TMO",
        "reportedCurrency": "USD",
        "cik": "0000097745",
        "fillingDate": "1986-12-31",
        "acceptedDate": "1986-12-30 19:00:00",
        "calendarYear": "1986",
        "period": "FY",
        "revenue": 331600000,
        "costOfRevenue": 219300000,
        "grossProfit": 112300000,
        "grossProfitRatio": 0.33866103739445114,
        "researchAndDevelopmentExpenses": 0,
        "generalAndAdministrativeExpenses": 0,
        "sellingAndMarketingExpenses": 0,
        "sellingGeneralAndAdministrativeExpenses": 91600000,
        "otherExpenses": 8400000,
        "operatingExpenses": 100000000,
        "costAndExpenses": 319300000,
        "interestIncome": 0,
        "interestExpense": 0,
        "depreciationAndAmortization": 8400000,
        "ebitda": 25600000,
        "ebitdaratio": 0.07720144752714113,
        "operatingIncome": 12300000,
        "operatingIncomeRatio": 0.037092882991556095,
        "totalOtherIncomeExpensesNet": 4900000,
        "incomeBeforeTax": 17200000,
        "incomeBeforeTaxRatio": 0.05186972255729795,
        "incomeTaxExpense": 2900000,
        "netIncome": 14300000,
        "netIncomeRatio": 0.043124246079613994,
        "eps": 0.074074,
        "epsdiluted": 0.074074,
        "weightedAverageShsOut": 58738000,
        "weightedAverageShsOutDil": 58738000,
        "link": "",
        "finalLink": ""
    },
    {
        "date": "1985-12-31",
        "symbol": "TMO",
        "reportedCurrency": "USD",
        "cik": "0000097745",
        "fillingDate": "1985-12-31",
        "acceptedDate": "1985-12-30 19:00:00",
        "calendarYear": "1985",
        "period": "FY",
        "revenue": 265700000,
        "costOfRevenue": 174300000,
        "grossProfit": 91400000,
        "grossProfitRatio": 0.3439969890854347,
        "researchAndDevelopmentExpenses": 0,
        "generalAndAdministrativeExpenses": 0,
        "sellingAndMarketingExpenses": 0,
        "sellingGeneralAndAdministrativeExpenses": 78700000,
        "otherExpenses": 7800000,
        "operatingExpenses": 86500000,
        "costAndExpenses": 260800000,
        "interestIncome": 0,
        "interestExpense": 0,
        "depreciationAndAmortization": 7800000,
        "ebitda": 19600000,
        "ebitdaratio": 0.07376740684983063,
        "operatingIncome": 4900000,
        "operatingIncomeRatio": 0.018441851712457658,
        "totalOtherIncomeExpensesNet": 6900000,
        "incomeBeforeTax": 11800000,
        "incomeBeforeTaxRatio": 0.04441098983816334,
        "incomeTaxExpense": 2200000,
        "netIncome": 9600000,
        "netIncomeRatio": 0.036130974783590515,
        "eps": 0.039506,
        "epsdiluted": 0.037531,
        "weightedAverageShsOut": 48801000,
        "weightedAverageShsOutDil": 48801000,
        "link": "",
        "finalLink": ""
    }
]