[
    {
        "date": "2021-12-31",
        "symbol": "UAL",
        "reportedCurrency": "USD",
        "cik": "0000100517",
        "fillingDate": "2022-02-18",
        "acceptedDate": "2022-02-18 16:16:13",
        "calendarYear": "2021",
        "period": "FY",
        "revenue": 24634000000,
        "costOfRevenue": 23913000000,
        "grossProfit": 721000000,
        "grossProfitRatio": 0.02926849070390517,
        "researchAndDevelopmentExpenses": 0,
        "generalAndAdministrativeExpenses": 0,
        "sellingAndMarketingExpenses": 677000000,
        "sellingGeneralAndAdministrativeExpenses": 677000000,
        "otherExpenses": 412000000,
        "operatingExpenses": 1089000000,
        "costAndExpenses": 25002000000,
        "interestIncome": 36000000,
        "interestExpense": 1577000000,
        "depreciationAndAmortization": 2485000000,
        "ebitda": 1505000000,
        "ebitdaratio": 0.06109442234310303,
        "operatingIncome": -1022000000,
        "operatingIncomeRatio": -0.04148737517252578,
        "totalOtherIncomeExpensesNet": -1535000000,
        "incomeBeforeTax": -2557000000,
        "incomeBeforeTaxRatio": -0.10379962653243485,
        "incomeTaxExpense": -593000000,
        "netIncome": -1964000000,
        "netIncomeRatio": -0.07972720630023544,
        "eps": -6.06527,
        "epsdiluted": -6.1,
        "weightedAverageShsOut": 323810825,
        "weightedAverageShsOutDil": 323810825,
        "link": "https://www.sec.gov/Archives/edgar/data/100517/000010051722000009/0000100517-22-000009-index.htm",
        "finalLink": "https://www.sec.gov/Archives/edgar/data/100517/000010051722000009/ual-20211231.htm"
    },
    {
        "date": "2020-12-31",
        "symbol": "UAL",
        "reportedCurrency": "USD",
        "cik": "0000100517",
        "fillingDate": "2021-03-01",
        "acceptedDate": "2021-03-01 07:46:29",
        "calendarYear": "2020",
        "period": "FY",
        "revenue": 15355000000,
        "costOfRevenue": 20385000000,
        "grossProfit": -5030000000,
        "grossProfitRatio": -0.3275805926408336,
        "researchAndDevelopmentExpenses": 0,
        "generalAndAdministrativeExpenses": 0,
        "sellingAndMarketingExpenses": 459000000,
        "sellingGeneralAndAdministrativeExpenses": 459000000,
        "otherExpenses": -50000000,
        "operatingExpenses": 409000000,
        "costAndExpenses": 20794000000,
        "interestIncome": 50000000,
        "interestExpense": 992000000,
        "depreciationAndAmortization": 2488000000,
        "ebitda": -5342000000,
        "ebitdaratio": -0.34789970693585154,
        "operatingIncome": -6359000000,
        "operatingIncomeRatio": -0.4141322044936503,
        "totalOtherIncomeExpensesNet": -2463000000,
        "incomeBeforeTax": -8822000000,
        "incomeBeforeTaxRatio": -0.5745359817648974,
        "incomeTaxExpense": -1753000000,
        "netIncome": -7069000000,
        "netIncomeRatio": -0.46037121458808206,
        "eps": -22.668296,
        "epsdiluted": -25.3,
        "weightedAverageShsOut": 311845232,
        "weightedAverageShsOutDil": 311845232,
        "link": "https://www.sec.gov/Archives/edgar/data/100517/000010051721000016/0000100517-21-000016-index.htm",
        "finalLink": "https://www.sec.gov/Archives/edgar/data/100517/000010051721000016/ual-20201231.htm"
    },
    {
        "date": "2019-12-31",
        "symbol": "UAL",
        "reportedCurrency": "USD",
        "cik": "0000100517",
        "fillingDate": "2020-02-25",
        "acceptedDate": "2020-02-24 21:53:59",
        "calendarYear": "2019",
        "period": "FY",
        "revenue": 43259000000,
        "costOfRevenue": 30786000000,
        "grossProfit": 12473000000,
        "grossProfitRatio": 0.2883330636399362,
        "researchAndDevelopmentExpenses": 0,
        "generalAndAdministrativeExpenses": 0,
        "sellingAndMarketingExpenses": 1651000000,
        "sellingGeneralAndAdministrativeExpenses": 1651000000,
        "otherExpenses": 6275000000,
        "operatingExpenses": 7926000000,
        "costAndExpenses": 38712000000,
        "interestIncome": 133000000,
        "interestExpense": 646000000,
        "depreciationAndAmortization": 2288000000,
        "ebitda": 6848000000,
        "ebitdaratio": 0.1583023185926628,
        "operatingIncome": 4301000000,
        "operatingIncomeRatio": 0.09942439723525741,
        "totalOtherIncomeExpensesNet": -387000000,
        "incomeBeforeTax": 3914000000,
        "incomeBeforeTaxRatio": 0.09047828197600499,
        "incomeTaxExpense": 905000000,
        "netIncome": 3009000000,
        "netIncomeRatio": 0.06955777988395478,
        "eps": 11.977722,
        "epsdiluted": 11.58,
        "weightedAverageShsOut": 251216381,
        "weightedAverageShsOutDil": 259900000,
        "link": "https://www.sec.gov/Archives/edgar/data/100517/000010051720000010/0000100517-20-000010-index.htm",
        "finalLink": "https://www.sec.gov/Archives/edgar/data/100517/000010051720000010/ual201910k.htm"
    },
    {
        "date": "2018-12-31",
        "symbol": "UAL",
        "reportedCurrency": "USD",
        "cik": "0000100517",
        "fillingDate": "2019-02-28",
        "acceptedDate": "2019-02-28 16:23:37",
        "calendarYear": "2018",
        "period": "FY",
        "revenue": 41303000000,
        "costOfRevenue": 30165000000,
        "grossProfit": 11138000000,
        "grossProfitRatio": 0.2696656417209404,
        "researchAndDevelopmentExpenses": 0,
        "generalAndAdministrativeExpenses": 0,
        "sellingAndMarketingExpenses": 1558000000,
        "sellingGeneralAndAdministrativeExpenses": 1558000000,
        "otherExpenses": 5801000000,
        "operatingExpenses": 7359000000,
        "costAndExpenses": 37524000000,
        "interestIncome": 101000000,
        "interestExpense": 659000000,
        "depreciationAndAmortization": 2240000000,
        "ebitda": 5557000000,
        "ebitdaratio": 0.13454228506403892,
        "operatingIncome": 3292000000,
        "operatingIncomeRatio": 0.07970365348764012,
        "totalOtherIncomeExpensesNet": -634000000,
        "incomeBeforeTax": 2658000000,
        "incomeBeforeTaxRatio": 0.06435367890952232,
        "incomeTaxExpense": 529000000,
        "netIncome": 2129000000,
        "netIncomeRatio": 0.051545892550177955,
        "eps": 7.887675,
        "epsdiluted": 7.7,
        "weightedAverageShsOut": 269914769,
        "weightedAverageShsOutDil": 276700000,
        "link": "https://www.sec.gov/Archives/edgar/data/100517/000010051719000009/0000100517-19-000009-index.htm",
        "finalLink": "https://www.sec.gov/Archives/edgar/data/100517/000010051719000009/ual_201810k.htm"
    },
    {
        "date": "2017-12-31",
        "symbol": "UAL",
        "reportedCurrency": "USD",
        "cik": "0000100517",
        "fillingDate": "2018-02-22",
        "acceptedDate": "2018-02-22 16:59:42",
        "calendarYear": "2017",
        "period": "FY",
        "revenue": 37736000000,
        "costOfRevenue": 27056000000,
        "grossProfit": 10680000000,
        "grossProfitRatio": 0.2830188679245283,
        "researchAndDevelopmentExpenses": 0,
        "generalAndAdministrativeExpenses": 0,
        "sellingAndMarketingExpenses": 1349000000,
        "sellingGeneralAndAdministrativeExpenses": 1349000000,
        "otherExpenses": 5657000000,
        "operatingExpenses": 7006000000,
        "costAndExpenses": 34062000000,
        "interestIncome": 57000000,
        "interestExpense": 559000000,
        "depreciationAndAmortization": 2149000000,
        "ebitda": 5707000000,
        "ebitdaratio": 0.15123489506041976,
        "operatingIncome": 3498000000,
        "operatingIncomeRatio": 0.09269662921348315,
        "totalOtherIncomeExpensesNet": -499000000,
        "incomeBeforeTax": 2999000000,
        "incomeBeforeTaxRatio": 0.07947318210727157,
        "incomeTaxExpense": 868000000,
        "netIncome": 2131000000,
        "netIncomeRatio": 0.05647127411490354,
        "eps": 7.425781,
        "epsdiluted": 7.02,
        "weightedAverageShsOut": 286973195,
        "weightedAverageShsOutDil": 303600000,
        "link": "https://www.sec.gov/Archives/edgar/data/100517/000119312518054235/0001193125-18-054235-index.htm",
        "finalLink": "https://www.sec.gov/Archives/edgar/data/100517/000119312518054235/d471340d10k.htm"
    },
    {
        "date": "2016-12-31",
        "symbol": "UAL",
        "reportedCurrency": "USD",
        "cik": "0000100517",
        "fillingDate": "2017-02-23",
        "acceptedDate": "2017-02-23 16:58:35",
        "calendarYear": "2016",
        "period": "FY",
        "revenue": 36556000000,
        "costOfRevenue": 24856000000,
        "grossProfit": 11700000000,
        "grossProfitRatio": 0.3200568990042674,
        "researchAndDevelopmentExpenses": 0,
        "generalAndAdministrativeExpenses": 0,
        "sellingAndMarketingExpenses": 1303000000,
        "sellingGeneralAndAdministrativeExpenses": 1303000000,
        "otherExpenses": 5421000000,
        "operatingExpenses": 6724000000,
        "costAndExpenses": 31580000000,
        "interestIncome": 42000000,
        "interestExpense": 542000000,
        "depreciationAndAmortization": 1977000000,
        "ebitda": 6338000000,
        "ebitdaratio": 0.17337783127256812,
        "operatingIncome": 4338000000,
        "operatingIncomeRatio": 0.11866725024619762,
        "totalOtherIncomeExpensesNet": -519000000,
        "incomeBeforeTax": 3819000000,
        "incomeBeforeTaxRatio": 0.10446985446985448,
        "incomeTaxExpense": 1556000000,
        "netIncome": 2263000000,
        "netIncomeRatio": 0.06190502243133822,
        "eps": 7.19297,
        "epsdiluted": 6.85,
        "weightedAverageShsOut": 314612744,
        "weightedAverageShsOutDil": 330000000,
        "link": "https://www.sec.gov/Archives/edgar/data/100517/000119312517054129/0001193125-17-054129-index.htm",
        "finalLink": "https://www.sec.gov/Archives/edgar/data/100517/000119312517054129/d300268d10k.htm"
    },
    {
        "date": "2015-12-31",
        "symbol": "UAL",
        "reportedCurrency": "USD",
        "cik": "0000100517",
        "fillingDate": "2016-02-18",
        "acceptedDate": "2016-02-18 17:09:20",
        "calendarYear": "2015",
        "period": "FY",
        "revenue": 37864000000,
        "costOfRevenue": 25952000000,
        "grossProfit": 11912000000,
        "grossProfitRatio": 0.31459961969152755,
        "researchAndDevelopmentExpenses": 0,
        "generalAndAdministrativeExpenses": 0,
        "sellingAndMarketingExpenses": 1342000000,
        "sellingGeneralAndAdministrativeExpenses": 1342000000,
        "otherExpenses": 5078000000,
        "operatingExpenses": 6420000000,
        "costAndExpenses": 32372000000,
        "interestIncome": 25000000,
        "interestExpense": 620000000,
        "depreciationAndAmortization": 1819000000,
        "ebitda": 6658000000,
        "ebitdaratio": 0.17583984787661103,
        "operatingIncome": 5166000000,
        "operatingIncomeRatio": 0.13643566448341432,
        "totalOtherIncomeExpensesNet": -947000000,
        "incomeBeforeTax": 4219000000,
        "incomeBeforeTaxRatio": 0.11142510035918023,
        "incomeTaxExpense": -3121000000,
        "netIncome": 7340000000,
        "netIncomeRatio": 0.19385167969575323,
        "eps": 19.52,
        "epsdiluted": 19.47,
        "weightedAverageShsOut": 376000000,
        "weightedAverageShsOutDil": 377000000,
        "link": "https://www.sec.gov/Archives/edgar/data/100517/000119312516468479/0001193125-16-468479-index.htm",
        "finalLink": "https://www.sec.gov/Archives/edgar/data/100517/000119312516468479/d13806d10k.htm"
    },
    {
        "date": "2014-12-31",
        "symbol": "UAL",
        "reportedCurrency": "USD",
        "cik": "0000100517",
        "fillingDate": "2015-02-20",
        "acceptedDate": "2015-02-20 17:01:57",
        "calendarYear": "2014",
        "period": "FY",
        "revenue": 38901000000,
        "costOfRevenue": 29569000000,
        "grossProfit": 9332000000,
        "grossProfitRatio": 0.23989100537261254,
        "researchAndDevelopmentExpenses": 0,
        "generalAndAdministrativeExpenses": 0,
        "sellingAndMarketingExpenses": 1373000000,
        "sellingGeneralAndAdministrativeExpenses": 1373000000,
        "otherExpenses": 5143000000,
        "operatingExpenses": 6516000000,
        "costAndExpenses": 36085000000,
        "interestIncome": 22000000,
        "interestExpense": 683000000,
        "depreciationAndAmortization": 1679000000,
        "ebitda": 3490000000,
        "ebitdaratio": 0.08971491735430966,
        "operatingIncome": 2373000000,
        "operatingIncomeRatio": 0.061001002544921724,
        "totalOtherIncomeExpensesNet": -1245000000,
        "incomeBeforeTax": 1128000000,
        "incomeBeforeTaxRatio": 0.028996683889874295,
        "incomeTaxExpense": -4000000,
        "netIncome": 1132000000,
        "netIncomeRatio": 0.029099509010051157,
        "eps": 3.05,
        "epsdiluted": 2.93,
        "weightedAverageShsOut": 371000000,
        "weightedAverageShsOutDil": 390000000,
        "link": "https://www.sec.gov/Archives/edgar/data/100517/000119312515056493/0001193125-15-056493-index.htm",
        "finalLink": "https://www.sec.gov/Archives/edgar/data/100517/000119312515056493/d820060d10k.htm"
    },
    {
        "date": "2013-12-31",
        "symbol": "UAL",
        "reportedCurrency": "USD",
        "cik": "0000100517",
        "fillingDate": "2014-02-20",
        "acceptedDate": "2014-02-20 16:12:24",
        "calendarYear": "2013",
        "period": "FY",
        "revenue": 38279000000,
        "costOfRevenue": 29925000000,
        "grossProfit": 8354000000,
        "grossProfitRatio": 0.2182397659290995,
        "researchAndDevelopmentExpenses": 0,
        "generalAndAdministrativeExpenses": 0,
        "sellingAndMarketingExpenses": 1390000000,
        "sellingGeneralAndAdministrativeExpenses": 1390000000,
        "otherExpenses": 5195000000,
        "operatingExpenses": 6585000000,
        "costAndExpenses": 36510000000,
        "interestIncome": 21000000,
        "interestExpense": 734000000,
        "depreciationAndAmortization": 1689000000,
        "ebitda": 2962000000,
        "ebitdaratio": 0.07737924188197184,
        "operatingIncome": 1249000000,
        "operatingIncomeRatio": 0.032628856553201496,
        "totalOtherIncomeExpensesNet": -710000000,
        "incomeBeforeTax": 539000000,
        "incomeBeforeTaxRatio": 0.014080827607826746,
        "incomeTaxExpense": -32000000,
        "netIncome": 571000000,
        "netIncomeRatio": 0.014916795109590115,
        "eps": 1.64,
        "epsdiluted": 1.53,
        "weightedAverageShsOut": 348000000,
        "weightedAverageShsOutDil": 390000000,
        "link": "https://www.sec.gov/Archives/edgar/data/100517/000119312514060695/0001193125-14-060695-index.htm",
        "finalLink": "https://www.sec.gov/Archives/edgar/data/100517/000119312514060695/d624298d10k.htm"
    },
    {
        "date": "2012-12-31",
        "symbol": "UAL",
        "reportedCurrency": "USD",
        "cik": "0000100517",
        "fillingDate": "2013-02-25",
        "acceptedDate": "2013-02-25 17:26:52",
        "calendarYear": "2012",
        "period": "FY",
        "revenue": 37152000000,
        "costOfRevenue": 29757000000,
        "grossProfit": 7395000000,
        "grossProfitRatio": 0.19904715762273903,
        "researchAndDevelopmentExpenses": 0,
        "generalAndAdministrativeExpenses": 0,
        "sellingAndMarketingExpenses": 1352000000,
        "sellingGeneralAndAdministrativeExpenses": 1352000000,
        "otherExpenses": 4681000000,
        "operatingExpenses": 6033000000,
        "costAndExpenses": 35790000000,
        "interestIncome": 23000000,
        "interestExpense": 798000000,
        "depreciationAndAmortization": 1522000000,
        "ebitda": 1596000000,
        "ebitdaratio": 0.042958656330749356,
        "operatingIncome": 39000000,
        "operatingIncomeRatio": 0.0010497416020671835,
        "totalOtherIncomeExpensesNet": -763000000,
        "incomeBeforeTax": -724000000,
        "incomeBeforeTaxRatio": -0.019487510766580535,
        "incomeTaxExpense": -1000000,
        "netIncome": -723000000,
        "netIncomeRatio": -0.019460594315245477,
        "eps": -2.18,
        "epsdiluted": -2.18,
        "weightedAverageShsOut": 331000000,
        "weightedAverageShsOutDil": 331000000,
        "link": "https://www.sec.gov/Archives/edgar/data/100517/000119312513074391/0001193125-13-074391-index.htm",
        "finalLink": "https://www.sec.gov/Archives/edgar/data/100517/000119312513074391/d436512d10k.htm"
    },
    {
        "date": "2011-12-31",
        "symbol": "UAL",
        "reportedCurrency": "USD",
        "cik": "0000100517",
        "fillingDate": "2012-02-22",
        "acceptedDate": "2012-02-22 17:19:36",
        "calendarYear": "2011",
        "period": "FY",
        "revenue": 37110000000,
        "costOfRevenue": 19459000000,
        "grossProfit": 17651000000,
        "grossProfitRatio": 0.4756399892212342,
        "researchAndDevelopmentExpenses": 0,
        "generalAndAdministrativeExpenses": 7652000000,
        "sellingAndMarketingExpenses": 1435000000,
        "sellingGeneralAndAdministrativeExpenses": 9087000000,
        "otherExpenses": 6150000000,
        "operatingExpenses": 15237000000,
        "costAndExpenses": 34696000000,
        "interestIncome": 20000000,
        "interestExpense": 917000000,
        "depreciationAndAmortization": 1547000000,
        "ebitda": 3309000000,
        "ebitdaratio": 0.08916734033953112,
        "operatingIncome": 1822000000,
        "operatingIncomeRatio": 0.0490972783616276,
        "totalOtherIncomeExpensesNet": -977000000,
        "incomeBeforeTax": 845000000,
        "incomeBeforeTaxRatio": 0.022770142818647265,
        "incomeTaxExpense": 5000000,
        "netIncome": 840000000,
        "netIncomeRatio": 0.02263540824575586,
        "eps": 2.54,
        "epsdiluted": 2.26,
        "weightedAverageShsOut": 329000000,
        "weightedAverageShsOutDil": 383000000,
        "link": "https://www.sec.gov/Archives/edgar/data/100517/000119312512073010/0001193125-12-073010-index.htm",
        "finalLink": "https://www.sec.gov/Archives/edgar/data/100517/000119312512073010/d260625d10k.htm"
    },
    {
        "date": "2010-12-31",
        "symbol": "UAL",
        "reportedCurrency": "USD",
        "cik": "0000100517",
        "fillingDate": "2011-02-22",
        "acceptedDate": "2011-02-22 17:26:02",
        "calendarYear": "2010",
        "period": "FY",
        "revenue": 23229000000,
        "costOfRevenue": 7807000000,
        "grossProfit": 15422000000,
        "grossProfitRatio": 0.6639114899479099,
        "researchAndDevelopmentExpenses": 0,
        "generalAndAdministrativeExpenses": 5002000000,
        "sellingAndMarketingExpenses": 912000000,
        "sellingGeneralAndAdministrativeExpenses": 5914000000,
        "otherExpenses": 4249000000,
        "operatingExpenses": 10163000000,
        "costAndExpenses": 17970000000,
        "interestIncome": 30000000,
        "interestExpense": 798000000,
        "depreciationAndAmortization": 1079000000,
        "ebitda": 2130000000,
        "ebitdaratio": 0.0916957251711223,
        "operatingIncome": 976000000,
        "operatingIncomeRatio": 0.04201644496104008,
        "totalOtherIncomeExpensesNet": -726000000,
        "incomeBeforeTax": 250000000,
        "incomeBeforeTaxRatio": 0.010762409057643463,
        "incomeTaxExpense": 0,
        "netIncome": 253000000,
        "netIncomeRatio": 0.010891557966335185,
        "eps": 1.22,
        "epsdiluted": 1.08,
        "weightedAverageShsOut": 207000000,
        "weightedAverageShsOutDil": 253000000,
        "link": "https://www.sec.gov/Archives/edgar/data/100517/000119312511042335/0001193125-11-042335-index.htm",
        "finalLink": "https://www.sec.gov/Archives/edgar/data/100517/000119312511042335/d10k.htm"
    },
    {
        "date": "2009-12-31",
        "symbol": "UAL",
        "reportedCurrency": "USD",
        "cik": "0000100517",
        "fillingDate": "2010-02-26",
        "acceptedDate": "2010-02-26 06:09:09",
        "calendarYear": "2009",
        "period": "FY",
        "revenue": 16335000000,
        "costOfRevenue": 7455000000,
        "grossProfit": 8880000000,
        "grossProfitRatio": 0.5436179981634527,
        "researchAndDevelopmentExpenses": 0,
        "generalAndAdministrativeExpenses": 3773000000,
        "sellingAndMarketingExpenses": 534000000,
        "sellingGeneralAndAdministrativeExpenses": 4307000000,
        "otherExpenses": 1858000000,
        "operatingExpenses": 6165000000,
        "costAndExpenses": 13620000000,
        "interestIncome": 29000000,
        "interestExpense": 577000000,
        "depreciationAndAmortization": 902000000,
        "ebitda": 811000000,
        "ebitdaratio": 0.04964799510254056,
        "operatingIncome": -161000000,
        "operatingIncomeRatio": -0.009856137128864401,
        "totalOtherIncomeExpensesNet": -511000000,
        "incomeBeforeTax": -672000000,
        "incomeBeforeTaxRatio": -0.0411386593204775,
        "incomeTaxExpense": -17000000,
        "netIncome": -651000000,
        "netIncomeRatio": -0.03985307621671258,
        "eps": -4.32,
        "epsdiluted": -4.32,
        "weightedAverageShsOut": 150700000,
        "weightedAverageShsOutDil": 150700000,
        "link": "https://www.sec.gov/Archives/edgar/data/100517/000119312510041523/0001193125-10-041523-index.htm",
        "finalLink": "https://www.sec.gov/Archives/edgar/data/100517/000119312510041523/d10k.htm"
    },
    {
        "date": "2008-12-31",
        "symbol": "UAL",
        "reportedCurrency": "USD",
        "cik": "0000100517",
        "fillingDate": "2009-03-02",
        "acceptedDate": "2009-03-02 17:13:27",
        "calendarYear": "2008",
        "period": "FY",
        "revenue": 20194000000,
        "costOfRevenue": 9194000000,
        "grossProfit": 11000000000,
        "grossProfitRatio": 0.5447162523521838,
        "researchAndDevelopmentExpenses": 0,
        "generalAndAdministrativeExpenses": 7559000000,
        "sellingAndMarketingExpenses": 710000000,
        "sellingGeneralAndAdministrativeExpenses": 8269000000,
        "otherExpenses": 2011000000,
        "operatingExpenses": 10280000000,
        "costAndExpenses": 19474000000,
        "interestIncome": 112000000,
        "interestExpense": 503000000,
        "depreciationAndAmortization": 932000000,
        "ebitda": -3938000000,
        "ebitdaratio": -0.1950084183420818,
        "operatingIncome": -4438000000,
        "operatingIncomeRatio": -0.2197682479944538,
        "totalOtherIncomeExpensesNet": -941000000,
        "incomeBeforeTax": -5379000000,
        "incomeBeforeTaxRatio": -0.26636624740021786,
        "incomeTaxExpense": -25000000,
        "netIncome": -5348000000,
        "netIncomeRatio": -0.2648311379617708,
        "eps": -42.21,
        "epsdiluted": -42.21,
        "weightedAverageShsOut": 126800000,
        "weightedAverageShsOutDil": 126800000,
        "link": "https://www.sec.gov/Archives/edgar/data/100517/000095013709001460/0000950137-09-001460-index.htm",
        "finalLink": "https://www.sec.gov/Archives/edgar/data/100517/000095013709001460/c49215e10vk.htm"
    },
    {
        "date": "2007-12-31",
        "symbol": "UAL",
        "reportedCurrency": "USD",
        "cik": "0000100517",
        "fillingDate": "2007-12-31",
        "acceptedDate": "2007-12-30 19:00:00",
        "calendarYear": "2007",
        "period": "FY",
        "revenue": 20143000000,
        "costOfRevenue": 316000000,
        "grossProfit": 19827000000,
        "grossProfitRatio": 0.9843121679988085,
        "researchAndDevelopmentExpenses": 0,
        "generalAndAdministrativeExpenses": 5543000000,
        "sellingAndMarketingExpenses": 0,
        "sellingGeneralAndAdministrativeExpenses": 5543000000,
        "otherExpenses": 14573000000,
        "operatingExpenses": 20116000000,
        "costAndExpenses": 20432000000,
        "interestIncome": 0,
        "interestExpense": 0,
        "depreciationAndAmortization": -925000000,
        "ebitda": -225000000,
        "ebitdaratio": -0.011170133545152162,
        "operatingIncome": 1037000000,
        "operatingIncomeRatio": 0.05148190438365685,
        "totalOtherIncomeExpensesNet": -342000000,
        "incomeBeforeTax": 695000000,
        "incomeBeforeTaxRatio": 0.03450330139502557,
        "incomeTaxExpense": 297000000,
        "netIncome": 403000000,
        "netIncomeRatio": 0.020006950305316983,
        "eps": 3.34,
        "epsdiluted": 2.79,
        "weightedAverageShsOut": 120658683,
        "weightedAverageShsOutDil": 144444444,
        "link": "",
        "finalLink": ""
    },
    {
        "date": "2006-12-31",
        "symbol": "UAL",
        "reportedCurrency": "USD",
        "cik": "0000100517",
        "fillingDate": "2007-03-16",
        "acceptedDate": "2007-03-16 14:40:24",
        "calendarYear": "2006",
        "period": "FY",
        "revenue": 19340000000,
        "costOfRevenue": 679000000,
        "grossProfit": 18661000000,
        "grossProfitRatio": 0.9648914167528438,
        "researchAndDevelopmentExpenses": 0,
        "generalAndAdministrativeExpenses": 0,
        "sellingAndMarketingExpenses": 0,
        "sellingGeneralAndAdministrativeExpenses": 4267000000,
        "otherExpenses": 13947000000,
        "operatingExpenses": 18214000000,
        "costAndExpenses": 18893000000,
        "interestIncome": 0,
        "interestExpense": 0,
        "depreciationAndAmortization": 888000000,
        "ebitda": 23785000000,
        "ebitdaratio": 1.2298345398138573,
        "operatingIncome": 447000000,
        "operatingIncomeRatio": 0.023112719751809722,
        "totalOtherIncomeExpensesNet": 22442000000,
        "incomeBeforeTax": 22889000000,
        "incomeBeforeTaxRatio": 1.1835056876938987,
        "incomeTaxExpense": 21000000,
        "netIncome": 22876000000,
        "netIncomeRatio": 1.182833505687694,
        "eps": 196.75,
        "epsdiluted": 196.75,
        "weightedAverageShsOut": 116269377,
        "weightedAverageShsOutDil": 116269377,
        "link": "https://www.sec.gov/Archives/edgar/data/100517/000110465907019919/0001104659-07-019919-index.htm",
        "finalLink": "https://www.sec.gov/Archives/edgar/data/100517/000110465907019919/a06-25698_210k.htm"
    },
    {
        "date": "2005-12-31",
        "symbol": "UAL",
        "reportedCurrency": "USD",
        "cik": "0000100517",
        "fillingDate": "2005-12-31",
        "acceptedDate": "2005-12-30 19:00:00",
        "calendarYear": "2005",
        "period": "FY",
        "revenue": 17379000000,
        "costOfRevenue": 685000000,
        "grossProfit": 16694000000,
        "grossProfitRatio": 0.9605846136141319,
        "researchAndDevelopmentExpenses": 0,
        "generalAndAdministrativeExpenses": 0,
        "sellingAndMarketingExpenses": 0,
        "sellingGeneralAndAdministrativeExpenses": 0,
        "otherExpenses": 16913000000,
        "operatingExpenses": 16913000000,
        "costAndExpenses": 17598000000,
        "interestIncome": 0,
        "interestExpense": 0,
        "depreciationAndAmortization": 792000000,
        "ebitda": -20384000000,
        "ebitdaratio": -1.172909833707348,
        "operatingIncome": -219000000,
        "operatingIncomeRatio": -0.012601415501467287,
        "totalOtherIncomeExpensesNet": -20961000000,
        "incomeBeforeTax": -21180000000,
        "incomeBeforeTaxRatio": -1.2187122389090281,
        "incomeTaxExpense": 0,
        "netIncome": -21176000000,
        "netIncomeRatio": -1.2184820760688186,
        "eps": -182.29,
        "epsdiluted": -182.29,
        "weightedAverageShsOut": 116166548,
        "weightedAverageShsOutDil": 116166548,
        "link": "",
        "finalLink": ""
    },
    {
        "date": "2004-12-31",
        "symbol": "UAL",
        "reportedCurrency": "USD",
        "cik": "0000100517",
        "fillingDate": "2005-03-16",
        "acceptedDate": "2005-03-16 15:54:04",
        "calendarYear": "2004",
        "period": "FY",
        "revenue": 16391000000,
        "costOfRevenue": 709000000,
        "grossProfit": 15682000000,
        "grossProfitRatio": 0.9567445549386858,
        "researchAndDevelopmentExpenses": 0,
        "generalAndAdministrativeExpenses": 0,
        "sellingAndMarketingExpenses": 0,
        "sellingGeneralAndAdministrativeExpenses": 0,
        "otherExpenses": 16536000000,
        "operatingExpenses": 16536000000,
        "costAndExpenses": 17245000000,
        "interestIncome": 0,
        "interestExpense": 0,
        "depreciationAndAmortization": 874000000,
        "ebitda": -847000000,
        "ebitdaratio": -0.05167469953023,
        "operatingIncome": -854000000,
        "operatingIncomeRatio": -0.05210176316271124,
        "totalOtherIncomeExpensesNet": -872000000,
        "incomeBeforeTax": -1726000000,
        "incomeBeforeTaxRatio": -0.10530168995180282,
        "incomeTaxExpense": 0,
        "netIncome": -1721000000,
        "netIncomeRatio": -0.1049966445000305,
        "eps": -15.25,
        "epsdiluted": -15.25,
        "weightedAverageShsOut": 112852459,
        "weightedAverageShsOutDil": 112852459,
        "link": "https://www.sec.gov/Archives/edgar/data/100517/000010051705000006/0000100517-05-000006-index.htm",
        "finalLink": "https://www.sec.gov/Archives/edgar/data/100517/000010051705000006/ualkbody.htm"
    },
    {
        "date": "2003-12-31",
        "symbol": "UAL",
        "reportedCurrency": "USD",
        "cik": "0000100517",
        "fillingDate": "2003-12-31",
        "acceptedDate": "2003-12-30 19:00:00",
        "calendarYear": "2003",
        "period": "FY",
        "revenue": 13724000000,
        "costOfRevenue": 1003000000,
        "grossProfit": 12721000000,
        "grossProfitRatio": 0.9269163509180997,
        "researchAndDevelopmentExpenses": 0,
        "generalAndAdministrativeExpenses": 0,
        "sellingAndMarketingExpenses": 0,
        "sellingGeneralAndAdministrativeExpenses": 0,
        "otherExpenses": 14081000000,
        "operatingExpenses": 14081000000,
        "costAndExpenses": 15084000000,
        "interestIncome": 0,
        "interestExpense": 0,
        "depreciationAndAmortization": 938000000,
        "ebitda": -1870000000,
        "ebitdaratio": -0.1362576508306616,
        "operatingIncome": -1360000000,
        "operatingIncomeRatio": -0.09909647333139027,
        "totalOtherIncomeExpensesNet": -1448000000,
        "incomeBeforeTax": -2808000000,
        "incomeBeforeTaxRatio": -0.20460507140775283,
        "incomeTaxExpense": 0,
        "netIncome": -2808000000,
        "netIncomeRatio": -0.20460507140775283,
        "eps": -27.36,
        "epsdiluted": -27.36,
        "weightedAverageShsOut": 102631579,
        "weightedAverageShsOutDil": 102631579,
        "link": "",
        "finalLink": ""
    },
    {
        "date": "2002-12-31",
        "symbol": "UAL",
        "reportedCurrency": "USD",
        "cik": "0000100517",
        "fillingDate": "2002-12-31",
        "acceptedDate": "2002-12-30 19:00:00",
        "calendarYear": "2002",
        "period": "FY",
        "revenue": 14286000000,
        "costOfRevenue": 1240000000,
        "grossProfit": 13046000000,
        "grossProfitRatio": 0.9132017359652806,
        "researchAndDevelopmentExpenses": 0,
        "generalAndAdministrativeExpenses": 0,
        "sellingAndMarketingExpenses": 0,
        "sellingGeneralAndAdministrativeExpenses": 0,
        "otherExpenses": 15883000000,
        "operatingExpenses": 15883000000,
        "costAndExpenses": 17123000000,
        "interestIncome": 0,
        "interestExpense": 0,
        "depreciationAndAmortization": 970000000,
        "ebitda": -2242000000,
        "ebitdaratio": -0.15693686126277476,
        "operatingIncome": -2837000000,
        "operatingIncomeRatio": -0.19858602827943442,
        "totalOtherIncomeExpensesNet": -368000000,
        "incomeBeforeTax": -3205000000,
        "incomeBeforeTaxRatio": -0.2243455130897382,
        "incomeTaxExpense": 0,
        "netIncome": -3212000000,
        "netIncomeRatio": -0.2248355032899342,
        "eps": -53.55,
        "epsdiluted": -53.55,
        "weightedAverageShsOut": 56169251,
        "weightedAverageShsOutDil": 56169251,
        "link": "",
        "finalLink": ""
    },
    {
        "date": "2001-12-31",
        "symbol": "UAL",
        "reportedCurrency": "USD",
        "cik": "0000100517",
        "fillingDate": "2001-11-13",
        "acceptedDate": "2001-11-13 00:00:00",
        "calendarYear": "2001",
        "period": "FY",
        "revenue": 16138000000,
        "costOfRevenue": 4271000000,
        "grossProfit": 11867000000,
        "grossProfitRatio": 0.7353451480976577,
        "researchAndDevelopmentExpenses": 0,
        "generalAndAdministrativeExpenses": 8802000000,
        "sellingAndMarketingExpenses": 710000000,
        "sellingGeneralAndAdministrativeExpenses": 9512000000,
        "otherExpenses": 1026000000,
        "operatingExpenses": 10538000000,
        "costAndExpenses": 14809000000,
        "interestIncome": 184000000,
        "interestExpense": 525000000,
        "depreciationAndAmortization": 1932000000,
        "ebitda": -908000000,
        "ebitdaratio": -0.056264716817449496,
        "operatingIncome": -3771000000,
        "operatingIncomeRatio": -0.2336720783244516,
        "totalOtherIncomeExpensesNet": 414000000,
        "incomeBeforeTax": -3357000000,
        "incomeBeforeTaxRatio": -0.2080183418019581,
        "incomeTaxExpense": -1226000000,
        "netIncome": -2139000000,
        "netIncomeRatio": -0.1325443053662164,
        "eps": -40.04,
        "epsdiluted": -40.04,
        "weightedAverageShsOut": 53800000,
        "weightedAverageShsOutDil": 53800000,
        "link": "https://www.sec.gov/Archives/edgar/data/100517/000010051701500091/0000100517-01-500091-index.htm",
        "finalLink": "https://www.sec.gov/Archives/edgar/data/100517/000010051701500091/body.htm"
    },
    {
        "date": "2000-12-31",
        "symbol": "UAL",
        "reportedCurrency": "USD",
        "cik": "0000100517",
        "fillingDate": "2000-12-31",
        "acceptedDate": "2000-12-30 19:00:00",
        "calendarYear": "2000",
        "period": "FY",
        "revenue": 19352000000,
        "costOfRevenue": 1038000000,
        "grossProfit": 18314000000,
        "grossProfitRatio": 0.9463621331128566,
        "researchAndDevelopmentExpenses": 0,
        "generalAndAdministrativeExpenses": 0,
        "sellingAndMarketingExpenses": 0,
        "sellingGeneralAndAdministrativeExpenses": 0,
        "otherExpenses": 17660000000,
        "operatingExpenses": 17660000000,
        "costAndExpenses": 18698000000,
        "interestIncome": 0,
        "interestExpense": 0,
        "depreciationAndAmortization": 1058000000,
        "ebitda": 1268000000,
        "ebitdaratio": 0.06552294336502687,
        "operatingIncome": 654000000,
        "operatingIncomeRatio": 0.03379495659363373,
        "totalOtherIncomeExpensesNet": -223000000,
        "incomeBeforeTax": 431000000,
        "incomeBeforeTaxRatio": 0.022271599834642414,
        "incomeTaxExpense": 160000000,
        "netIncome": 50000000,
        "netIncomeRatio": 0.002583712277800744,
        "eps": 0.04,
        "epsdiluted": 0.04,
        "weightedAverageShsOut": 61082474,
        "weightedAverageShsOutDil": 61082474,
        "link": "",
        "finalLink": ""
    },
    {
        "date": "1999-12-31",
        "symbol": "UAL",
        "reportedCurrency": "USD",
        "cik": "0000100517",
        "fillingDate": "1999-12-31",
        "acceptedDate": "1999-12-30 19:00:00",
        "calendarYear": "1999",
        "period": "FY",
        "revenue": 18027000000,
        "costOfRevenue": 0,
        "grossProfit": 0,
        "grossProfitRatio": 0,
        "researchAndDevelopmentExpenses": 0,
        "generalAndAdministrativeExpenses": 0,
        "sellingAndMarketingExpenses": 0,
        "sellingGeneralAndAdministrativeExpenses": 0,
        "otherExpenses": 16636000000,
        "operatingExpenses": 16636000000,
        "costAndExpenses": 16636000000,
        "interestIncome": 0,
        "interestExpense": 0,
        "depreciationAndAmortization": 867000000,
        "ebitda": 2801000000,
        "ebitdaratio": 0.15537804404504355,
        "operatingIncome": 1391000000,
        "operatingIncomeRatio": 0.07716203472568925,
        "totalOtherIncomeExpensesNet": 551000000,
        "incomeBeforeTax": 1942000000,
        "incomeBeforeTaxRatio": 0.10772729794197593,
        "incomeTaxExpense": 699000000,
        "netIncome": 1235000000,
        "netIncomeRatio": 0.06850834858822877,
        "eps": 21.2,
        "epsdiluted": 9.94,
        "weightedAverageShsOut": 58254717,
        "weightedAverageShsOutDil": 58254717,
        "link": "",
        "finalLink": ""
    },
    {
        "date": "1998-12-31",
        "symbol": "UAL",
        "reportedCurrency": "USD",
        "cik": "0000100517",
        "fillingDate": "1998-12-31",
        "acceptedDate": "1998-12-30 19:00:00",
        "calendarYear": "1998",
        "period": "FY",
        "revenue": 17561000000,
        "costOfRevenue": 0,
        "grossProfit": 0,
        "grossProfitRatio": 0,
        "researchAndDevelopmentExpenses": 0,
        "generalAndAdministrativeExpenses": 0,
        "sellingAndMarketingExpenses": 0,
        "sellingGeneralAndAdministrativeExpenses": 0,
        "otherExpenses": 16083000000,
        "operatingExpenses": 16083000000,
        "costAndExpenses": 16083000000,
        "interestIncome": 0,
        "interestExpense": 0,
        "depreciationAndAmortization": 793000000,
        "ebitda": 2043000000,
        "ebitdaratio": 0.1163373384203633,
        "operatingIncome": 1478000000,
        "operatingIncomeRatio": 0.08416377199476112,
        "totalOtherIncomeExpensesNet": -222000000,
        "incomeBeforeTax": 1256000000,
        "incomeBeforeTaxRatio": 0.07152212288594044,
        "incomeTaxExpense": 429000000,
        "netIncome": 821000000,
        "netIncomeRatio": 0.046751323956494506,
        "eps": 12.71,
        "epsdiluted": 6.83,
        "weightedAverageShsOut": 64594807,
        "weightedAverageShsOutDil": 64594807,
        "link": "",
        "finalLink": ""
    },
    {
        "date": "1997-12-31",
        "symbol": "UAL",
        "reportedCurrency": "USD",
        "cik": "0000100517",
        "fillingDate": "1997-12-31",
        "acceptedDate": "1997-12-30 19:00:00",
        "calendarYear": "1997",
        "period": "FY",
        "revenue": 17378000000,
        "costOfRevenue": 0,
        "grossProfit": 0,
        "grossProfitRatio": 0,
        "researchAndDevelopmentExpenses": 0,
        "generalAndAdministrativeExpenses": 0,
        "sellingAndMarketingExpenses": 0,
        "sellingGeneralAndAdministrativeExpenses": 0,
        "otherExpenses": 16119000000,
        "operatingExpenses": 16119000000,
        "costAndExpenses": 16119000000,
        "interestIncome": 0,
        "interestExpense": 0,
        "depreciationAndAmortization": 724000000,
        "ebitda": 2234000000,
        "ebitdaratio": 0.12855334330763032,
        "operatingIncome": 1259000000,
        "operatingIncomeRatio": 0.07244792266083554,
        "totalOtherIncomeExpensesNet": 265000000,
        "incomeBeforeTax": 1524000000,
        "incomeBeforeTaxRatio": 0.08769708827252848,
        "incomeTaxExpense": 561000000,
        "netIncome": 949000000,
        "netIncomeRatio": 0.054609276096213605,
        "eps": 14.83,
        "epsdiluted": 8.95,
        "weightedAverageShsOut": 63991908,
        "weightedAverageShsOutDil": 63991908,
        "link": "",
        "finalLink": ""
    },
    {
        "date": "1996-12-31",
        "symbol": "UAL",
        "reportedCurrency": "USD",
        "cik": "0000100517",
        "fillingDate": "1996-12-31",
        "acceptedDate": "1996-12-30 19:00:00",
        "calendarYear": "1996",
        "period": "FY",
        "revenue": 16362000000,
        "costOfRevenue": 0,
        "grossProfit": 0,
        "grossProfitRatio": 0,
        "researchAndDevelopmentExpenses": 0,
        "generalAndAdministrativeExpenses": 0,
        "sellingAndMarketingExpenses": 0,
        "sellingGeneralAndAdministrativeExpenses": 0,
        "otherExpenses": 15239000000,
        "operatingExpenses": 15239000000,
        "costAndExpenses": 15239000000,
        "interestIncome": 0,
        "interestExpense": 0,
        "depreciationAndAmortization": 759000000,
        "ebitda": 1662000000,
        "ebitdaratio": 0.10157682434910158,
        "operatingIncome": 1123000000,
        "operatingIncomeRatio": 0.06863464124190197,
        "totalOtherIncomeExpensesNet": -153000000,
        "incomeBeforeTax": 970000000,
        "incomeBeforeTaxRatio": 0.059283706148392616,
        "incomeTaxExpense": 370000000,
        "netIncome": 533000000,
        "netIncomeRatio": 0.03257547977019924,
        "eps": 5.16,
        "epsdiluted": 5.04,
        "weightedAverageShsOut": 58933372,
        "weightedAverageShsOutDil": 58933372,
        "link": "",
        "finalLink": ""
    },
    {
        "date": "1995-12-31",
        "symbol": "UAL",
        "reportedCurrency": "USD",
        "cik": "0000100517",
        "fillingDate": "1995-12-31",
        "acceptedDate": "1995-12-30 19:00:00",
        "calendarYear": "1995",
        "period": "FY",
        "revenue": 14943000000,
        "costOfRevenue": 0,
        "grossProfit": 0,
        "grossProfitRatio": 0,
        "researchAndDevelopmentExpenses": 0,
        "generalAndAdministrativeExpenses": 0,
        "sellingAndMarketingExpenses": 0,
        "sellingGeneralAndAdministrativeExpenses": 0,
        "otherExpenses": 14838000000,
        "operatingExpenses": 14838000000,
        "costAndExpenses": 14838000000,
        "interestIncome": 0,
        "interestExpense": 0,
        "depreciationAndAmortization": 724000000,
        "ebitda": 1316000000,
        "ebitdaratio": 0.08806799170180017,
        "operatingIncome": 829000000,
        "operatingIncomeRatio": 0.05547748109482701,
        "totalOtherIncomeExpensesNet": -208000000,
        "incomeBeforeTax": 621000000,
        "incomeBeforeTaxRatio": 0.04155792009636619,
        "incomeTaxExpense": 243000000,
        "netIncome": 349000000,
        "netIncomeRatio": 0.023355417252225123,
        "eps": 5.0025,
        "epsdiluted": 4.7775,
        "weightedAverageShsOut": 50500756,
        "weightedAverageShsOutDil": 50500756,
        "link": "",
        "finalLink": ""
    },
    {
        "date": "1994-12-31",
        "symbol": "UAL",
        "reportedCurrency": "USD",
        "cik": "0000100517",
        "fillingDate": "1994-12-31",
        "acceptedDate": "1994-12-30 19:00:00",
        "calendarYear": "1994",
        "period": "FY",
        "revenue": 13950000000,
        "costOfRevenue": 0,
        "grossProfit": 0,
        "grossProfitRatio": 0,
        "researchAndDevelopmentExpenses": 0,
        "generalAndAdministrativeExpenses": 0,
        "sellingAndMarketingExpenses": 165000000,
        "sellingGeneralAndAdministrativeExpenses": 165000000,
        "otherExpenses": 13264000000,
        "operatingExpenses": 13429000000,
        "costAndExpenses": 13429000000,
        "interestIncome": 0,
        "interestExpense": 0,
        "depreciationAndAmortization": 640000000,
        "ebitda": 785000000,
        "ebitdaratio": 0.056272401433691756,
        "operatingIncome": 521000000,
        "operatingIncomeRatio": 0.03734767025089606,
        "totalOtherIncomeExpensesNet": -350000000,
        "incomeBeforeTax": 171000000,
        "incomeBeforeTaxRatio": 0.012258064516129033,
        "incomeTaxExpense": 94000000,
        "netIncome": 51000000,
        "netIncomeRatio": 0.0036559139784946237,
        "eps": -0.1525,
        "epsdiluted": -0.1525,
        "weightedAverageShsOut": 49739460,
        "weightedAverageShsOutDil": 49739460,
        "link": "",
        "finalLink": ""
    },
    {
        "date": "1993-12-31",
        "symbol": "UAL",
        "reportedCurrency": "USD",
        "cik": "0000100517",
        "fillingDate": "1993-12-31",
        "acceptedDate": "1993-12-30 19:00:00",
        "calendarYear": "1993",
        "period": "FY",
        "revenue": 14511000000,
        "costOfRevenue": 3658000000,
        "grossProfit": 10853000000,
        "grossProfitRatio": 0.7479153745434498,
        "researchAndDevelopmentExpenses": 0,
        "generalAndAdministrativeExpenses": 0,
        "sellingAndMarketingExpenses": 0,
        "sellingGeneralAndAdministrativeExpenses": 9909000000,
        "otherExpenses": 681000000,
        "operatingExpenses": 10590000000,
        "costAndExpenses": 14248000000,
        "interestIncome": 0,
        "interestExpense": 0,
        "depreciationAndAmortization": -681000000,
        "ebitda": -747000000,
        "ebitdaratio": -0.05147818896009924,
        "operatingIncome": 263000000,
        "operatingIncomeRatio": 0.018124181655295984,
        "totalOtherIncomeExpensesNet": -310000000,
        "incomeBeforeTax": -47000000,
        "incomeBeforeTaxRatio": -0.0032389221969540347,
        "incomeTaxExpense": -16000000,
        "netIncome": -50000000,
        "netIncomeRatio": -0.0034456619116532286,
        "eps": -1.00524,
        "epsdiluted": -1.00524,
        "weightedAverageShsOut": 49739460,
        "weightedAverageShsOutDil": 49739460,
        "link": "",
        "finalLink": ""
    },
    {
        "date": "1992-12-31",
        "symbol": "UAL",
        "reportedCurrency": "USD",
        "cik": "0000100517",
        "fillingDate": "1992-12-31",
        "acceptedDate": "1992-12-30 19:00:00",
        "calendarYear": "1992",
        "period": "FY",
        "revenue": 12889700000,
        "costOfRevenue": 3408100000,
        "grossProfit": 9481600000,
        "grossProfitRatio": 0.7355950875505248,
        "researchAndDevelopmentExpenses": 0,
        "generalAndAdministrativeExpenses": 0,
        "sellingAndMarketingExpenses": 0,
        "sellingGeneralAndAdministrativeExpenses": 9293800000,
        "otherExpenses": 725600000,
        "operatingExpenses": 10019400000,
        "costAndExpenses": 13427500000,
        "interestIncome": 0,
        "interestExpense": 0,
        "depreciationAndAmortization": -725600000,
        "ebitda": -1921600000,
        "ebitdaratio": -0.14908027339658797,
        "operatingIncome": -537800000,
        "operatingIncomeRatio": -0.041723236382538,
        "totalOtherIncomeExpensesNet": -118200000,
        "incomeBeforeTax": -656000000,
        "incomeBeforeTaxRatio": -0.05089334895304003,
        "incomeTaxExpense": -239000000,
        "netIncome": -957000000,
        "netIncomeRatio": -0.07424532766472455,
        "eps": -19.24026,
        "epsdiluted": -19.24026,
        "weightedAverageShsOut": 49739460,
        "weightedAverageShsOutDil": 49739460,
        "link": "",
        "finalLink": ""
    },
    {
        "date": "1991-12-31",
        "symbol": "UAL",
        "reportedCurrency": "USD",
        "cik": "0000100517",
        "fillingDate": "1991-12-31",
        "acceptedDate": "1991-12-30 19:00:00",
        "calendarYear": "1991",
        "period": "FY",
        "revenue": 11663000000,
        "costOfRevenue": 5589000000,
        "grossProfit": 6074000000,
        "grossProfitRatio": 0.5207922489925405,
        "researchAndDevelopmentExpenses": 0,
        "generalAndAdministrativeExpenses": 4057000000,
        "sellingAndMarketingExpenses": 0,
        "sellingGeneralAndAdministrativeExpenses": 4057000000,
        "otherExpenses": 2511000000,
        "operatingExpenses": 6568000000,
        "costAndExpenses": 12157000000,
        "interestIncome": 0,
        "interestExpense": -210000000,
        "depreciationAndAmortization": 603800000,
        "ebitda": -114200000,
        "ebitdaratio": -0.0097916488039098,
        "operatingIncome": -494000000,
        "operatingIncomeRatio": -0.042356169081711394,
        "totalOtherIncomeExpensesNet": -14000000,
        "incomeBeforeTax": -508000000,
        "incomeBeforeTaxRatio": -0.04355654634313642,
        "incomeTaxExpense": -176000000,
        "netIncome": -332000000,
        "netIncomeRatio": -0.028466089342364744,
        "eps": -3.56989,
        "epsdiluted": -3.56989,
        "weightedAverageShsOut": 93000000,
        "weightedAverageShsOutDil": 93000000,
        "link": "",
        "finalLink": ""
    },
    {
        "date": "1990-12-31",
        "symbol": "UAL",
        "reportedCurrency": "USD",
        "cik": "0000100517",
        "fillingDate": "1990-12-31",
        "acceptedDate": "1990-12-30 19:00:00",
        "calendarYear": "1990",
        "period": "FY",
        "revenue": 11037000000,
        "costOfRevenue": 5018000000,
        "grossProfit": 6019000000,
        "grossProfitRatio": 0.5453474676089517,
        "researchAndDevelopmentExpenses": 0,
        "generalAndAdministrativeExpenses": 3550000000,
        "sellingAndMarketingExpenses": 0,
        "sellingGeneralAndAdministrativeExpenses": 3550000000,
        "otherExpenses": 2506000000,
        "operatingExpenses": 6056000000,
        "costAndExpenses": 11074000000,
        "interestIncome": 0,
        "interestExpense": -192000000,
        "depreciationAndAmortization": 559600000,
        "ebitda": 531600000,
        "ebitdaratio": 0.048165262299537916,
        "operatingIncome": -36000000,
        "operatingIncomeRatio": -0.0032617559119325905,
        "totalOtherIncomeExpensesNet": 200000000,
        "incomeBeforeTax": 164000000,
        "incomeBeforeTaxRatio": 0.014859110265470689,
        "incomeTaxExpense": 70000000,
        "netIncome": 94000000,
        "netIncomeRatio": 0.008516807103379542,
        "eps": 1.08046,
        "epsdiluted": 1.08046,
        "weightedAverageShsOut": 87000000,
        "weightedAverageShsOutDil": 87000000,
        "link": "",
        "finalLink": ""
    },
    {
        "date": "1989-12-31",
        "symbol": "UAL",
        "reportedCurrency": "USD",
        "cik": "0000100517",
        "fillingDate": "1989-12-31",
        "acceptedDate": "1989-12-30 19:00:00",
        "calendarYear": "1989",
        "period": "FY",
        "revenue": 9794000000,
        "costOfRevenue": 3877000000,
        "grossProfit": 5917000000,
        "grossProfitRatio": 0.6041453951398815,
        "researchAndDevelopmentExpenses": 0,
        "generalAndAdministrativeExpenses": 3158000000,
        "sellingAndMarketingExpenses": 0,
        "sellingGeneralAndAdministrativeExpenses": 3158000000,
        "otherExpenses": 2294000000,
        "operatingExpenses": 5452000000,
        "costAndExpenses": 9329000000,
        "interestIncome": 0,
        "interestExpense": -221000000,
        "depreciationAndAmortization": 517000000,
        "ebitda": 834000000,
        "ebitdaratio": 0.08515417602613845,
        "operatingIncome": 465000000,
        "operatingIncomeRatio": 0.04747804778435777,
        "totalOtherIncomeExpensesNet": 74000000,
        "incomeBeforeTax": 539000000,
        "incomeBeforeTaxRatio": 0.05503369409842761,
        "incomeTaxExpense": 214000000,
        "netIncome": 324000000,
        "netIncomeRatio": 0.033081478456197674,
        "eps": 3.72414,
        "epsdiluted": 3.72414,
        "weightedAverageShsOut": 87000000,
        "weightedAverageShsOutDil": 87000000,
        "link": "",
        "finalLink": ""
    },
    {
        "date": "1988-12-31",
        "symbol": "UAL",
        "reportedCurrency": "USD",
        "cik": "0000100517",
        "fillingDate": "1988-12-31",
        "acceptedDate": "1988-12-30 19:00:00",
        "calendarYear": "1988",
        "period": "FY",
        "revenue": 8982000000,
        "costOfRevenue": 3262000000,
        "grossProfit": 5720000000,
        "grossProfitRatio": 0.6368292139835225,
        "researchAndDevelopmentExpenses": 0,
        "generalAndAdministrativeExpenses": 2838000000,
        "sellingAndMarketingExpenses": 0,
        "sellingGeneralAndAdministrativeExpenses": 2838000000,
        "otherExpenses": 2217000000,
        "operatingExpenses": 5055000000,
        "costAndExpenses": 8317000000,
        "interestIncome": 0,
        "interestExpense": -245000000,
        "depreciationAndAmortization": 518400000,
        "ebitda": 1786400000,
        "ebitdaratio": 0.19888666221331552,
        "operatingIncome": 665000000,
        "operatingIncomeRatio": 0.07403696281451792,
        "totalOtherIncomeExpensesNet": 324000000,
        "incomeBeforeTax": 989000000,
        "incomeBeforeTaxRatio": 0.11010910710309509,
        "incomeTaxExpense": 389000000,
        "netIncome": 1124000000,
        "netIncomeRatio": 0.12513916722333557,
        "eps": 9.44538,
        "epsdiluted": 9.44538,
        "weightedAverageShsOut": 119000000,
        "weightedAverageShsOutDil": 119000000,
        "link": "",
        "finalLink": ""
    },
    {
        "date": "1987-12-31",
        "symbol": "UAL",
        "reportedCurrency": "USD",
        "cik": "0000100517",
        "fillingDate": "1987-12-31",
        "acceptedDate": "1987-12-30 19:00:00",
        "calendarYear": "1987",
        "period": "FY",
        "revenue": 8305000000,
        "costOfRevenue": 2895000000,
        "grossProfit": 5410000000,
        "grossProfitRatio": 0.6514148103552077,
        "researchAndDevelopmentExpenses": 0,
        "generalAndAdministrativeExpenses": 2778000000,
        "sellingAndMarketingExpenses": 0,
        "sellingGeneralAndAdministrativeExpenses": 2778000000,
        "otherExpenses": 2385000000,
        "operatingExpenses": 5163000000,
        "costAndExpenses": 8058000000,
        "interestIncome": 0,
        "interestExpense": -258000000,
        "depreciationAndAmortization": 550500000,
        "ebitda": 619500000,
        "ebitdaratio": 0.07459361830222758,
        "operatingIncome": 247000000,
        "operatingIncomeRatio": 0.029741119807344972,
        "totalOtherIncomeExpensesNet": -260000000,
        "incomeBeforeTax": -13000000,
        "incomeBeforeTaxRatio": -0.0015653220951234196,
        "incomeTaxExpense": -8000000,
        "netIncome": 335000000,
        "netIncomeRatio": 0.0403371462974112,
        "eps": 1.50224,
        "epsdiluted": 1.50224,
        "weightedAverageShsOut": 223000000,
        "weightedAverageShsOutDil": 223000000,
        "link": "",
        "finalLink": ""
    },
    {
        "date": "1986-12-31",
        "symbol": "UAL",
        "reportedCurrency": "USD",
        "cik": "0000100517",
        "fillingDate": "1986-12-31",
        "acceptedDate": "1986-12-30 19:00:00",
        "calendarYear": "1986",
        "period": "FY",
        "revenue": 7119000000,
        "costOfRevenue": 2534000000,
        "grossProfit": 4585000000,
        "grossProfitRatio": 0.6440511307767945,
        "researchAndDevelopmentExpenses": 0,
        "generalAndAdministrativeExpenses": 2558000000,
        "sellingAndMarketingExpenses": 0,
        "sellingGeneralAndAdministrativeExpenses": 2558000000,
        "otherExpenses": 1937000000,
        "operatingExpenses": 4495000000,
        "costAndExpenses": 7029000000,
        "interestIncome": 0,
        "interestExpense": -223000000,
        "depreciationAndAmortization": 502300000,
        "ebitda": 175300000,
        "ebitdaratio": 0.02462424497822728,
        "operatingIncome": 90000000,
        "operatingIncomeRatio": 0.012642225031605562,
        "totalOtherIncomeExpensesNet": -318000000,
        "incomeBeforeTax": -228000000,
        "incomeBeforeTaxRatio": -0.03202697008006743,
        "incomeTaxExpense": -115000000,
        "netIncome": 11000000,
        "netIncomeRatio": 0.0015451608371962354,
        "eps": 0.06077,
        "epsdiluted": 0.06077,
        "weightedAverageShsOut": 181000000,
        "weightedAverageShsOutDil": 181000000,
        "link": "",
        "finalLink": ""
    },
    {
        "date": "1985-12-31",
        "symbol": "UAL",
        "reportedCurrency": "USD",
        "cik": "0000100517",
        "fillingDate": "1985-12-31",
        "acceptedDate": "1985-12-30 19:00:00",
        "calendarYear": "1985",
        "period": "FY",
        "revenue": 5292000000,
        "costOfRevenue": 2039000000,
        "grossProfit": 3253000000,
        "grossProfitRatio": 0.6147014361300076,
        "researchAndDevelopmentExpenses": 0,
        "generalAndAdministrativeExpenses": 2030000000,
        "sellingAndMarketingExpenses": 0,
        "sellingGeneralAndAdministrativeExpenses": 2030000000,
        "otherExpenses": 1465000000,
        "operatingExpenses": 3495000000,
        "costAndExpenses": 5534000000,
        "interestIncome": 0,
        "interestExpense": -159000000,
        "depreciationAndAmortization": 424100000,
        "ebitda": 102100000,
        "ebitdaratio": 0.019293272864701436,
        "operatingIncome": -243000000,
        "operatingIncomeRatio": -0.04591836734693878,
        "totalOtherIncomeExpensesNet": 34000000,
        "incomeBeforeTax": -209000000,
        "incomeBeforeTaxRatio": -0.03949357520786092,
        "incomeTaxExpense": -114000000,
        "netIncome": -49000000,
        "netIncomeRatio": -0.009259259259259259,
        "eps": -0.35252,
        "epsdiluted": -0.35252,
        "weightedAverageShsOut": 139000000,
        "weightedAverageShsOutDil": 139000000,
        "link": "",
        "finalLink": ""
    },
    {
        "date": "1984-12-31",
        "symbol": "UAL",
        "reportedCurrency": "USD",
        "cik": "0000100517",
        "fillingDate": "1984-12-31",
        "acceptedDate": "1984-12-30 19:00:00",
        "calendarYear": "1984",
        "period": "FY",
        "revenue": 6968000000,
        "costOfRevenue": 4654000000,
        "grossProfit": 2314000000,
        "grossProfitRatio": 0.332089552238806,
        "researchAndDevelopmentExpenses": 0,
        "generalAndAdministrativeExpenses": 0,
        "sellingAndMarketingExpenses": 0,
        "sellingGeneralAndAdministrativeExpenses": 0,
        "otherExpenses": 1670000000,
        "operatingExpenses": 1670000000,
        "costAndExpenses": 6324000000,
        "interestIncome": null,
        "interestExpense": -154000000,
        "depreciationAndAmortization": 0,
        "ebitda": 349000000,
        "ebitdaratio": 0.050086107921928816,
        "operatingIncome": 643000000,
        "operatingIncomeRatio": 0.09227898966704937,
        "totalOtherIncomeExpensesNet": -161000000,
        "incomeBeforeTax": 482000000,
        "incomeBeforeTaxRatio": 0.06917336394948335,
        "incomeTaxExpense": 221000000,
        "netIncome": 282000000,
        "netIncomeRatio": 0.0404707233065442,
        "eps": 1.73006,
        "epsdiluted": 1.73006,
        "weightedAverageShsOut": 163000000,
        "weightedAverageShsOutDil": 163000000,
        "link": "",
        "finalLink": ""
    },
    {
        "date": "1983-12-31",
        "symbol": "UAL",
        "reportedCurrency": "USD",
        "cik": "0000100517",
        "fillingDate": "1983-12-31",
        "acceptedDate": "1983-12-30 19:00:00",
        "calendarYear": "1983",
        "period": "FY",
        "revenue": 6022000000,
        "costOfRevenue": 4311000000,
        "grossProfit": 1711000000,
        "grossProfitRatio": 0.28412487545665893,
        "researchAndDevelopmentExpenses": 0,
        "generalAndAdministrativeExpenses": 0,
        "sellingAndMarketingExpenses": 0,
        "sellingGeneralAndAdministrativeExpenses": 0,
        "otherExpenses": 1495000000,
        "operatingExpenses": 1495000000,
        "costAndExpenses": 5806000000,
        "interestIncome": null,
        "interestExpense": -195000000,
        "depreciationAndAmortization": 0,
        "ebitda": 53000000,
        "ebitdaratio": 0.008801062769843906,
        "operatingIncome": 216000000,
        "operatingIncomeRatio": 0.03586848223181667,
        "totalOtherIncomeExpensesNet": 32000000,
        "incomeBeforeTax": 248000000,
        "incomeBeforeTaxRatio": 0.04118233145134507,
        "incomeTaxExpense": 106000000,
        "netIncome": 142000000,
        "netIncomeRatio": 0.023580205911657257,
        "eps": 1.10078,
        "epsdiluted": 1.10078,
        "weightedAverageShsOut": 129000000,
        "weightedAverageShsOutDil": 129000000,
        "link": "",
        "finalLink": ""
    }
]