[
    {
        "date": "2021-12-31",
        "symbol": "UNH",
        "reportedCurrency": "USD",
        "cik": "0000731766",
        "fillingDate": "2022-02-15",
        "acceptedDate": "2022-02-15 16:50:18",
        "calendarYear": "2021",
        "period": "FY",
        "revenue": 285273000000,
        "costOfRevenue": 217945000000,
        "grossProfit": 67328000000,
        "grossProfitRatio": 0.23601252133920841,
        "researchAndDevelopmentExpenses": 0,
        "generalAndAdministrativeExpenses": 0,
        "sellingAndMarketingExpenses": 0,
        "sellingGeneralAndAdministrativeExpenses": 0,
        "otherExpenses": 45682000000,
        "operatingExpenses": 45682000000,
        "costAndExpenses": 263627000000,
        "interestIncome": null,
        "interestExpense": 1660000000,
        "depreciationAndAmortization": 3103000000,
        "ebitda": 26626000000,
        "ebitdaratio": 0.09333515614867162,
        "operatingIncome": 23970000000,
        "operatingIncomeRatio": 0.0840247762669443,
        "totalOtherIncomeExpensesNet": -1660000000,
        "incomeBeforeTax": 22310000000,
        "incomeBeforeTaxRatio": 0.07820578884086471,
        "incomeTaxExpense": 4578000000,
        "netIncome": 17285000000,
        "netIncomeRatio": 0.06059108292758165,
        "eps": 18.368757,
        "epsdiluted": 18.08,
        "weightedAverageShsOut": 941000000,
        "weightedAverageShsOutDil": 956000000,
        "link": "https://www.sec.gov/Archives/edgar/data/731766/000073176622000008/0000731766-22-000008-index.htm",
        "finalLink": "https://www.sec.gov/Archives/edgar/data/731766/000073176622000008/unh-20211231.htm"
    },
    {
        "date": "2020-12-31",
        "symbol": "UNH",
        "reportedCurrency": "USD",
        "cik": "0000731766",
        "fillingDate": "2021-03-01",
        "acceptedDate": "2021-03-01 16:02:27",
        "calendarYear": "2020",
        "period": "FY",
        "revenue": 255639000000,
        "costOfRevenue": 190141000000,
        "grossProfit": 65498000000,
        "grossProfitRatio": 0.25621286266962395,
        "researchAndDevelopmentExpenses": 0,
        "generalAndAdministrativeExpenses": 0,
        "sellingAndMarketingExpenses": 0,
        "sellingGeneralAndAdministrativeExpenses": 0,
        "otherExpenses": 44595000000,
        "operatingExpenses": 44595000000,
        "costAndExpenses": 234736000000,
        "interestIncome": 0,
        "interestExpense": 1663000000,
        "depreciationAndAmortization": 2891000000,
        "ebitda": 24930000000,
        "ebitdaratio": 0.0975203314048326,
        "operatingIncome": 22405000000,
        "operatingIncomeRatio": 0.08764312174589949,
        "totalOtherIncomeExpensesNet": -1663000000,
        "incomeBeforeTax": 20742000000,
        "incomeBeforeTaxRatio": 0.0811378545527091,
        "incomeTaxExpense": 4973000000,
        "netIncome": 15403000000,
        "netIncomeRatio": 0.060252934802592716,
        "eps": 16.282241,
        "epsdiluted": 16.03,
        "weightedAverageShsOut": 946000000,
        "weightedAverageShsOutDil": 961000000,
        "link": "https://www.sec.gov/Archives/edgar/data/731766/000073176621000013/0000731766-21-000013-index.htm",
        "finalLink": "https://www.sec.gov/Archives/edgar/data/731766/000073176621000013/unh-20201231.htm"
    },
    {
        "date": "2019-12-31",
        "symbol": "UNH",
        "reportedCurrency": "USD",
        "cik": "0000731766",
        "fillingDate": "2020-02-14",
        "acceptedDate": "2020-02-14 17:18:38",
        "calendarYear": "2019",
        "period": "FY",
        "revenue": 240269000000,
        "costOfRevenue": 184557000000,
        "grossProfit": 55712000000,
        "grossProfitRatio": 0.23187344185059247,
        "researchAndDevelopmentExpenses": 0,
        "generalAndAdministrativeExpenses": 0,
        "sellingAndMarketingExpenses": 0,
        "sellingGeneralAndAdministrativeExpenses": 0,
        "otherExpenses": 37913000000,
        "operatingExpenses": 37913000000,
        "costAndExpenses": 222470000000,
        "interestIncome": 0,
        "interestExpense": 1704000000,
        "depreciationAndAmortization": 2720000000,
        "ebitda": 22005000000,
        "ebitdaratio": 0.09158484864880613,
        "operatingIncome": 19685000000,
        "operatingIncomeRatio": 0.08192900457403993,
        "totalOtherIncomeExpensesNet": -1704000000,
        "incomeBeforeTax": 17981000000,
        "incomeBeforeTaxRatio": 0.07483695358119441,
        "incomeTaxExpense": 3742000000,
        "netIncome": 13839000000,
        "netIncomeRatio": 0.057597942306331654,
        "eps": 14.598101,
        "epsdiluted": 14.33,
        "weightedAverageShsOut": 948000000,
        "weightedAverageShsOutDil": 966000000,
        "link": "https://www.sec.gov/Archives/edgar/data/731766/000073176620000006/0000731766-20-000006-index.html",
        "finalLink": "https://www.sec.gov/Archives/edgar/data/731766/000073176620000006/unh2019123110-k.htm"
    },
    {
        "date": "2018-12-31",
        "symbol": "UNH",
        "reportedCurrency": "USD",
        "cik": "0000731766",
        "fillingDate": "2019-02-12",
        "acceptedDate": "2019-02-12 17:16:04",
        "calendarYear": "2018",
        "period": "FY",
        "revenue": 224871000000,
        "costOfRevenue": 172401000000,
        "grossProfit": 52470000000,
        "grossProfitRatio": 0.23333377803273878,
        "researchAndDevelopmentExpenses": 0,
        "generalAndAdministrativeExpenses": 0,
        "sellingAndMarketingExpenses": 0,
        "sellingGeneralAndAdministrativeExpenses": 0,
        "otherExpenses": 36502000000,
        "operatingExpenses": 36502000000,
        "costAndExpenses": 208903000000,
        "interestIncome": 0,
        "interestExpense": 1400000000,
        "depreciationAndAmortization": 2428000000,
        "ebitda": 19376000000,
        "ebitdaratio": 0.08616495679745276,
        "operatingIncome": 17344000000,
        "operatingIncomeRatio": 0.07712866487897506,
        "totalOtherIncomeExpensesNet": -1400000000,
        "incomeBeforeTax": 15944000000,
        "incomeBeforeTaxRatio": 0.07090287320285853,
        "incomeTaxExpense": 3562000000,
        "netIncome": 11986000000,
        "netIncomeRatio": 0.053301670735666225,
        "eps": 12.485417,
        "epsdiluted": 12.19,
        "weightedAverageShsOut": 960000000,
        "weightedAverageShsOutDil": 983000000,
        "link": "https://www.sec.gov/Archives/edgar/data/731766/000073176619000005/0000731766-19-000005-index.html",
        "finalLink": "https://www.sec.gov/Archives/edgar/data/731766/000073176619000005/unh2018123110-k.htm"
    },
    {
        "date": "2017-12-31",
        "symbol": "UNH",
        "reportedCurrency": "USD",
        "cik": "0000731766",
        "fillingDate": "2018-02-13",
        "acceptedDate": "2018-02-13 16:10:43",
        "calendarYear": "2017",
        "period": "FY",
        "revenue": 200136000000,
        "costOfRevenue": 154148000000,
        "grossProfit": 45988000000,
        "grossProfitRatio": 0.22978374705200463,
        "researchAndDevelopmentExpenses": 0,
        "generalAndAdministrativeExpenses": 0,
        "sellingAndMarketingExpenses": 0,
        "sellingGeneralAndAdministrativeExpenses": 0,
        "otherExpenses": 31802000000,
        "operatingExpenses": 31802000000,
        "costAndExpenses": 185950000000,
        "interestIncome": 0,
        "interestExpense": 1186000000,
        "depreciationAndAmortization": 2245000000,
        "ebitda": 17189000000,
        "ebitdaratio": 0.0858865971139625,
        "operatingIncome": 15209000000,
        "operatingIncomeRatio": 0.07599332453931326,
        "totalOtherIncomeExpensesNet": -1186000000,
        "incomeBeforeTax": 14023000000,
        "incomeBeforeTaxRatio": 0.07006735419914459,
        "incomeTaxExpense": 3200000000,
        "netIncome": 10558000000,
        "netIncomeRatio": 0.052754127193508416,
        "eps": 10.895769,
        "epsdiluted": 10.07,
        "weightedAverageShsOut": 969000000,
        "weightedAverageShsOutDil": 985000000,
        "link": "https://www.sec.gov/Archives/edgar/data/731766/000073176618000005/0000731766-18-000005-index.html",
        "finalLink": "https://www.sec.gov/Archives/edgar/data/731766/000073176618000005/unh2017123110-k.htm"
    },
    {
        "date": "2016-12-31",
        "symbol": "UNH",
        "reportedCurrency": "USD",
        "cik": "0000731766",
        "fillingDate": "2017-02-08",
        "acceptedDate": "2017-02-08 16:22:01",
        "calendarYear": "2016",
        "period": "FY",
        "revenue": 184012000000,
        "costOfRevenue": 141454000000,
        "grossProfit": 42558000000,
        "grossProfitRatio": 0.23127839488728996,
        "researchAndDevelopmentExpenses": 0,
        "generalAndAdministrativeExpenses": 0,
        "sellingAndMarketingExpenses": 0,
        "sellingGeneralAndAdministrativeExpenses": 0,
        "otherExpenses": 30456000000,
        "operatingExpenses": 30456000000,
        "costAndExpenses": 171910000000,
        "interestIncome": 0,
        "interestExpense": 1067000000,
        "depreciationAndAmortization": 2055000000,
        "ebitda": 14929000000,
        "ebitdaratio": 0.08113057844053649,
        "operatingIncome": 12930000000,
        "operatingIncomeRatio": 0.07026715648979415,
        "totalOtherIncomeExpensesNet": -1067000000,
        "incomeBeforeTax": 11863000000,
        "incomeBeforeTaxRatio": 0.06446862161163402,
        "incomeTaxExpense": 4790000000,
        "netIncome": 7017000000,
        "netIncomeRatio": 0.03813338260548225,
        "eps": 7.601891,
        "epsdiluted": 7.48,
        "weightedAverageShsOut": 952000000,
        "weightedAverageShsOutDil": 968000000,
        "link": "https://www.sec.gov/Archives/edgar/data/731766/000073176617000009/0000731766-17-000009-index.html",
        "finalLink": "https://www.sec.gov/Archives/edgar/data/731766/000073176617000009/unh2016123110-k.htm"
    },
    {
        "date": "2015-12-31",
        "symbol": "UNH",
        "reportedCurrency": "USD",
        "cik": "0000731766",
        "fillingDate": "2016-02-09",
        "acceptedDate": "2016-02-09 16:12:06",
        "calendarYear": "2015",
        "period": "FY",
        "revenue": 156397000000,
        "costOfRevenue": 120081000000,
        "grossProfit": 36316000000,
        "grossProfitRatio": 0.23220394253086696,
        "researchAndDevelopmentExpenses": 0,
        "generalAndAdministrativeExpenses": 0,
        "sellingAndMarketingExpenses": 0,
        "sellingGeneralAndAdministrativeExpenses": 0,
        "otherExpenses": 26005000000,
        "operatingExpenses": 26005000000,
        "costAndExpenses": 146086000000,
        "interestIncome": 0,
        "interestExpense": 790000000,
        "depreciationAndAmortization": 1693000000,
        "ebitda": 12659000000,
        "ebitdaratio": 0.08094145028357322,
        "operatingIncome": 11021000000,
        "operatingIncomeRatio": 0.07046810360812547,
        "totalOtherIncomeExpensesNet": -790000000,
        "incomeBeforeTax": 10231000000,
        "incomeBeforeTaxRatio": 0.06541685582204262,
        "incomeTaxExpense": 4363000000,
        "netIncome": 5813000000,
        "netIncomeRatio": 0.03716823212721471,
        "eps": 6.099685,
        "epsdiluted": 6.01,
        "weightedAverageShsOut": 953000000,
        "weightedAverageShsOutDil": 967000000,
        "link": "https://www.sec.gov/Archives/edgar/data/731766/000073176616000058/0000731766-16-000058-index.html",
        "finalLink": "https://www.sec.gov/Archives/edgar/data/731766/000073176616000058/unh2015123110-k.htm"
    },
    {
        "date": "2014-12-31",
        "symbol": "UNH",
        "reportedCurrency": "USD",
        "cik": "0000731766",
        "fillingDate": "2015-02-10",
        "acceptedDate": "2015-02-10 16:45:11",
        "calendarYear": "2014",
        "period": "FY",
        "revenue": 129695000000,
        "costOfRevenue": 97041000000,
        "grossProfit": 32654000000,
        "grossProfitRatio": 0.25177531901769534,
        "researchAndDevelopmentExpenses": 0,
        "generalAndAdministrativeExpenses": 0,
        "sellingAndMarketingExpenses": 0,
        "sellingGeneralAndAdministrativeExpenses": 0,
        "otherExpenses": 23159000000,
        "operatingExpenses": 23159000000,
        "costAndExpenses": 120200000000,
        "interestIncome": 0,
        "interestExpense": 618000000,
        "depreciationAndAmortization": 1478000000,
        "ebitda": 11752000000,
        "ebitdaratio": 0.09061259107907013,
        "operatingIncome": 10274000000,
        "operatingIncomeRatio": 0.07921662361694745,
        "totalOtherIncomeExpensesNet": -618000000,
        "incomeBeforeTax": 9656000000,
        "incomeBeforeTaxRatio": 0.07445159797987587,
        "incomeTaxExpense": 4037000000,
        "netIncome": 5619000000,
        "netIncomeRatio": 0.04332472338949073,
        "eps": 5.889937,
        "epsdiluted": 5.7,
        "weightedAverageShsOut": 954000000,
        "weightedAverageShsOutDil": 986000000,
        "link": "https://www.sec.gov/Archives/edgar/data/731766/000073176615000007/unh2014123110-k.htm",
        "finalLink": "https://www.sec.gov/Archives/edgar/data/731766/000073176615000007/unh2014123110-k.htm"
    },
    {
        "date": "2013-12-31",
        "symbol": "UNH",
        "reportedCurrency": "USD",
        "cik": "0000731766",
        "fillingDate": "2014-02-12",
        "acceptedDate": "2014-02-12 16:32:19",
        "calendarYear": "2013",
        "period": "FY",
        "revenue": 121744000000,
        "costOfRevenue": 92129000000,
        "grossProfit": 29615000000,
        "grossProfitRatio": 0.24325634117492442,
        "researchAndDevelopmentExpenses": 0,
        "generalAndAdministrativeExpenses": 0,
        "sellingAndMarketingExpenses": 0,
        "sellingGeneralAndAdministrativeExpenses": 0,
        "otherExpenses": 20737000000,
        "operatingExpenses": 20737000000,
        "costAndExpenses": 112866000000,
        "interestIncome": 0,
        "interestExpense": 708000000,
        "depreciationAndAmortization": 1375000000,
        "ebitda": 10950000000,
        "ebitdaratio": 0.08994283085819424,
        "operatingIncome": 9623000000,
        "operatingIncomeRatio": 0.07904290971218295,
        "totalOtherIncomeExpensesNet": -708000000,
        "incomeBeforeTax": 8915000000,
        "incomeBeforeTaxRatio": 0.07322742804573532,
        "incomeTaxExpense": 3242000000,
        "netIncome": 5625000000,
        "netIncomeRatio": 0.04620350900249704,
        "eps": 5.69332,
        "epsdiluted": 5.5,
        "weightedAverageShsOut": 988000000,
        "weightedAverageShsOutDil": 1023000000,
        "link": "https://www.sec.gov/Archives/edgar/data/731766/000073176614000008/unh2013123110-k.htm",
        "finalLink": "https://www.sec.gov/Archives/edgar/data/731766/000073176614000008/unh2013123110-k.htm"
    },
    {
        "date": "2012-12-31",
        "symbol": "UNH",
        "reportedCurrency": "USD",
        "cik": "0000731766",
        "fillingDate": "2013-02-07",
        "acceptedDate": "2013-02-06 18:00:09",
        "calendarYear": "2012",
        "period": "FY",
        "revenue": 109938000000,
        "costOfRevenue": 82749000000,
        "grossProfit": 27189000000,
        "grossProfitRatio": 0.2473121213775037,
        "researchAndDevelopmentExpenses": 0,
        "generalAndAdministrativeExpenses": 0,
        "sellingAndMarketingExpenses": 0,
        "sellingGeneralAndAdministrativeExpenses": 0,
        "otherExpenses": 18615000000,
        "operatingExpenses": 18615000000,
        "costAndExpenses": 101364000000,
        "interestIncome": 0,
        "interestExpense": 632000000,
        "depreciationAndAmortization": 1309000000,
        "ebitda": 10563000000,
        "ebitdaratio": 0.09608142771380232,
        "operatingIncome": 9254000000,
        "operatingIncomeRatio": 0.08417471665848024,
        "totalOtherIncomeExpensesNet": -632000000,
        "incomeBeforeTax": 8622000000,
        "incomeBeforeTaxRatio": 0.0784260219396387,
        "incomeTaxExpense": 3096000000,
        "netIncome": 5526000000,
        "netIncomeRatio": 0.05026469464607324,
        "eps": 5.422964,
        "epsdiluted": 5.28,
        "weightedAverageShsOut": 1019000000,
        "weightedAverageShsOutDil": 1046000000,
        "link": "https://www.sec.gov/Archives/edgar/data/731766/000073176613000005/0000731766-13-000005-index.html",
        "finalLink": "https://www.sec.gov/Archives/edgar/data/731766/000073176613000005/unh2012123110-k.htm"
    },
    {
        "date": "2011-12-31",
        "symbol": "UNH",
        "reportedCurrency": "USD",
        "cik": "0000731766",
        "fillingDate": "2012-02-09",
        "acceptedDate": "2012-02-08 19:46:55",
        "calendarYear": "2011",
        "period": "FY",
        "revenue": 101208000000,
        "costOfRevenue": 76717000000,
        "grossProfit": 24491000000,
        "grossProfitRatio": 0.24198679946249307,
        "researchAndDevelopmentExpenses": 0,
        "generalAndAdministrativeExpenses": 15557000000,
        "sellingAndMarketingExpenses": 0,
        "sellingGeneralAndAdministrativeExpenses": 15557000000,
        "otherExpenses": 1124000000,
        "operatingExpenses": 16681000000,
        "costAndExpenses": 93398000000,
        "interestIncome": 0,
        "interestExpense": 505000000,
        "depreciationAndAmortization": 1124000000,
        "ebitda": 9588000000,
        "ebitdaratio": 0.09473559402418781,
        "operatingIncome": 8464000000,
        "operatingIncomeRatio": 0.08362975258872817,
        "totalOtherIncomeExpensesNet": -505000000,
        "incomeBeforeTax": 7959000000,
        "incomeBeforeTaxRatio": 0.07864002845624851,
        "incomeTaxExpense": 2817000000,
        "netIncome": 5142000000,
        "netIncomeRatio": 0.05080626037467394,
        "eps": 4.948989,
        "epsdiluted": 4.73,
        "weightedAverageShsOut": 1039000000,
        "weightedAverageShsOutDil": 1087000000,
        "link": "https://www.sec.gov/Archives/edgar/data/731766/000073176612000009/0000731766-12-000009-index.html",
        "finalLink": "https://www.sec.gov/Archives/edgar/data/731766/000073176612000009/unh2011123110k.htm"
    },
    {
        "date": "2010-12-31",
        "symbol": "UNH",
        "reportedCurrency": "USD",
        "cik": "0000731766",
        "fillingDate": "2011-02-10",
        "acceptedDate": "2011-02-10 16:04:42",
        "calendarYear": "2010",
        "period": "FY",
        "revenue": 93546000000,
        "costOfRevenue": 70957000000,
        "grossProfit": 22589000000,
        "grossProfitRatio": 0.24147478245996623,
        "researchAndDevelopmentExpenses": 0,
        "generalAndAdministrativeExpenses": 14270000000,
        "sellingAndMarketingExpenses": 0,
        "sellingGeneralAndAdministrativeExpenses": 14270000000,
        "otherExpenses": 1064000000,
        "operatingExpenses": 15334000000,
        "costAndExpenses": 86291000000,
        "interestIncome": 0,
        "interestExpense": 481000000,
        "depreciationAndAmortization": 1064000000,
        "ebitda": 8928000000,
        "ebitdaratio": 0.0954396767365788,
        "operatingIncome": 7864000000,
        "operatingIncomeRatio": 0.0840655933979005,
        "totalOtherIncomeExpensesNet": -481000000,
        "incomeBeforeTax": 7383000000,
        "incomeBeforeTaxRatio": 0.07892373805400552,
        "incomeTaxExpense": 2749000000,
        "netIncome": 4634000000,
        "netIncomeRatio": 0.04953712611976995,
        "eps": 4.267035,
        "epsdiluted": 4.1,
        "weightedAverageShsOut": 1086000000,
        "weightedAverageShsOutDil": 1131000000,
        "link": "https://www.sec.gov/Archives/edgar/data/731766/000119312511030615/d10k.htm",
        "finalLink": "https://www.sec.gov/Archives/edgar/data/731766/000119312511030615/d10k.htm"
    },
    {
        "date": "2009-12-31",
        "symbol": "UNH",
        "reportedCurrency": "USD",
        "cik": "0000731766",
        "fillingDate": "2010-02-10",
        "acceptedDate": "2010-02-10 16:37:06",
        "calendarYear": "2009",
        "period": "FY",
        "revenue": 87138000000,
        "costOfRevenue": 79788000000,
        "grossProfit": 7350000000,
        "grossProfitRatio": 0.08434896371273153,
        "researchAndDevelopmentExpenses": 0,
        "generalAndAdministrativeExpenses": 0,
        "sellingAndMarketingExpenses": 0,
        "sellingGeneralAndAdministrativeExpenses": 0,
        "otherExpenses": 991000000,
        "operatingExpenses": 991000000,
        "costAndExpenses": 80779000000,
        "interestIncome": 0,
        "interestExpense": 551000000,
        "depreciationAndAmortization": 991000000,
        "ebitda": 7350000000,
        "ebitdaratio": 0.08434896371273153,
        "operatingIncome": 6359000000,
        "operatingIncomeRatio": 0.07297619867336869,
        "totalOtherIncomeExpensesNet": -551000000,
        "incomeBeforeTax": 5808000000,
        "incomeBeforeTaxRatio": 0.066652895407285,
        "incomeTaxExpense": 1986000000,
        "netIncome": 3822000000,
        "netIncomeRatio": 0.043861461130620394,
        "eps": 3.332171,
        "epsdiluted": 3.24,
        "weightedAverageShsOut": 1173000000,
        "weightedAverageShsOutDil": 1179000000,
        "link": "https://www.sec.gov/Archives/edgar/data/731766/000119312510027229/0001193125-10-027229-index.html",
        "finalLink": "https://www.sec.gov/Archives/edgar/data/731766/000119312510027229/d10k.htm"
    },
    {
        "date": "2008-12-31",
        "symbol": "UNH",
        "reportedCurrency": "USD",
        "cik": "0000731766",
        "fillingDate": "2009-02-11",
        "acceptedDate": "2009-02-11 17:25:19",
        "calendarYear": "2008",
        "period": "FY",
        "revenue": 80415000000,
        "costOfRevenue": 61839000000,
        "grossProfit": 18576000000,
        "grossProfitRatio": 0.2310016787912703,
        "researchAndDevelopmentExpenses": 0,
        "generalAndAdministrativeExpenses": 13103000000,
        "sellingAndMarketingExpenses": 0,
        "sellingGeneralAndAdministrativeExpenses": 13103000000,
        "otherExpenses": 981000000,
        "operatingExpenses": 14084000000,
        "costAndExpenses": 75923000000,
        "interestIncome": 0,
        "interestExpense": 639000000,
        "depreciationAndAmortization": 981000000,
        "ebitda": 6244000000,
        "ebitdaratio": 0.07764720512342224,
        "operatingIncome": 5263000000,
        "operatingIncomeRatio": 0.06544798855934839,
        "totalOtherIncomeExpensesNet": -639000000,
        "incomeBeforeTax": 4624000000,
        "incomeBeforeTaxRatio": 0.05750170987999751,
        "incomeTaxExpense": 1647000000,
        "netIncome": 2977000000,
        "netIncomeRatio": 0.0370204563825157,
        "eps": 2.464792,
        "epsdiluted": 2.4,
        "weightedAverageShsOut": 1220000000,
        "weightedAverageShsOutDil": 1241000000,
        "link": "https://www.sec.gov/Archives/edgar/data/731766/000119312509025587/0001193125-09-025587-index.html",
        "finalLink": "https://www.sec.gov/Archives/edgar/data/731766/000119312509025587/d10k.htm"
    },
    {
        "date": "2007-12-31",
        "symbol": "UNH",
        "reportedCurrency": "USD",
        "cik": "0000731766",
        "fillingDate": "2008-02-21",
        "acceptedDate": "2008-02-21 17:12:48",
        "calendarYear": "2007",
        "period": "FY",
        "revenue": 75431000000,
        "costOfRevenue": 56203000000,
        "grossProfit": 19228000000,
        "grossProfitRatio": 0.2549084593867243,
        "researchAndDevelopmentExpenses": 0,
        "generalAndAdministrativeExpenses": 0,
        "sellingAndMarketingExpenses": 0,
        "sellingGeneralAndAdministrativeExpenses": 0,
        "otherExpenses": 11379000000,
        "operatingExpenses": 11379000000,
        "costAndExpenses": 67582000000,
        "interestIncome": 0,
        "interestExpense": 0,
        "depreciationAndAmortization": 796000000,
        "ebitda": 8101000000,
        "ebitdaratio": 0.10739616338110326,
        "operatingIncome": 7849000000,
        "operatingIncomeRatio": 0.1040553618538797,
        "totalOtherIncomeExpensesNet": -544000000,
        "incomeBeforeTax": 7305000000,
        "incomeBeforeTaxRatio": 0.09684347284273044,
        "incomeTaxExpense": 2651000000,
        "netIncome": 4654000000,
        "netIncomeRatio": 0.06169877106229534,
        "eps": 3.55,
        "epsdiluted": 3.42,
        "weightedAverageShsOut": 1312000000,
        "weightedAverageShsOutDil": 1361000000,
        "link": "https://www.sec.gov/Archives/edgar/data/731766/000119312508035391/d10k.htm",
        "finalLink": "https://www.sec.gov/Archives/edgar/data/731766/000119312508035391/d10k.htm"
    },
    {
        "date": "2006-12-31",
        "symbol": "UNH",
        "reportedCurrency": "USD",
        "cik": "0000731766",
        "fillingDate": "2007-03-06",
        "acceptedDate": "2007-03-06 06:18:47",
        "calendarYear": "2006",
        "period": "FY",
        "revenue": 70671000000,
        "costOfRevenue": 53907000000,
        "grossProfit": 16764000000,
        "grossProfitRatio": 0.2372118690834996,
        "researchAndDevelopmentExpenses": 0,
        "generalAndAdministrativeExpenses": 9981000000,
        "sellingAndMarketingExpenses": 0,
        "sellingGeneralAndAdministrativeExpenses": 9981000000,
        "otherExpenses": 670000000,
        "operatingExpenses": 10651000000,
        "costAndExpenses": 64558000000,
        "interestIncome": 0,
        "interestExpense": 456000000,
        "depreciationAndAmortization": 670000000,
        "ebitda": 7654000000,
        "ebitdaratio": 0.10830467943003495,
        "operatingIncome": 6984000000,
        "operatingIncomeRatio": 0.09882412870908859,
        "totalOtherIncomeExpensesNet": -456000000,
        "incomeBeforeTax": 6528000000,
        "incomeBeforeTaxRatio": 0.0923716941885639,
        "incomeTaxExpense": 2369000000,
        "netIncome": 4159000000,
        "netIncomeRatio": 0.05885016484838194,
        "eps": 3.09,
        "epsdiluted": 2.97,
        "weightedAverageShsOut": 1344000000,
        "weightedAverageShsOutDil": 1402000000,
        "link": "https://www.sec.gov/Archives/edgar/data/731766/000119312507046861/d10k.htm",
        "finalLink": "https://www.sec.gov/Archives/edgar/data/731766/000119312507046861/d10k.htm"
    },
    {
        "date": "2005-12-31",
        "symbol": "UNH",
        "reportedCurrency": "USD",
        "cik": "0000731766",
        "fillingDate": "2006-02-24",
        "acceptedDate": "2006-02-24 17:00:10",
        "calendarYear": "2005",
        "period": "FY",
        "revenue": 44866000000,
        "costOfRevenue": 32725000000,
        "grossProfit": 12141000000,
        "grossProfitRatio": 0.27060580394953865,
        "researchAndDevelopmentExpenses": 0,
        "generalAndAdministrativeExpenses": 6814000000,
        "sellingAndMarketingExpenses": 0,
        "sellingGeneralAndAdministrativeExpenses": 6814000000,
        "otherExpenses": 453000000,
        "operatingExpenses": 7267000000,
        "costAndExpenses": 39992000000,
        "interestIncome": 0,
        "interestExpense": 241000000,
        "depreciationAndAmortization": 453000000,
        "ebitda": 5826000000,
        "ebitdaratio": 0.12985334106004548,
        "operatingIncome": 5373000000,
        "operatingIncomeRatio": 0.11975660856773504,
        "totalOtherIncomeExpensesNet": -241000000,
        "incomeBeforeTax": 5132000000,
        "incomeBeforeTaxRatio": 0.1143850577274551,
        "incomeTaxExpense": 1832000000,
        "netIncome": 3300000000,
        "netIncomeRatio": 0.0735523559042482,
        "eps": 2.61,
        "epsdiluted": 2.48,
        "weightedAverageShsOut": 1265000000,
        "weightedAverageShsOutDil": 1330000000,
        "link": "https://www.sec.gov/Archives/edgar/data/731766/000119312506038949/d10k.htm",
        "finalLink": "https://www.sec.gov/Archives/edgar/data/731766/000119312506038949/d10k.htm"
    },
    {
        "date": "2004-12-31",
        "symbol": "UNH",
        "reportedCurrency": "USD",
        "cik": "0000731766",
        "fillingDate": "2005-03-01",
        "acceptedDate": "2005-03-01 17:14:38",
        "calendarYear": "2004",
        "period": "FY",
        "revenue": 36830000000,
        "costOfRevenue": 27000000000,
        "grossProfit": 9830000000,
        "grossProfitRatio": 0.26690198207982624,
        "researchAndDevelopmentExpenses": 0,
        "generalAndAdministrativeExpenses": 0,
        "sellingAndMarketingExpenses": 0,
        "sellingGeneralAndAdministrativeExpenses": 0,
        "otherExpenses": 6117000000,
        "operatingExpenses": 6117000000,
        "costAndExpenses": 33117000000,
        "interestIncome": 0,
        "interestExpense": 128000000,
        "depreciationAndAmortization": 374000000,
        "ebitda": 4475000000,
        "ebitdaratio": 0.12150420852565844,
        "operatingIncome": 4101000000,
        "operatingIncomeRatio": 0.11134944338854195,
        "totalOtherIncomeExpensesNet": -128000000,
        "incomeBeforeTax": 3973000000,
        "incomeBeforeTaxRatio": 0.1078740157480315,
        "incomeTaxExpense": 1386000000,
        "netIncome": 2587000000,
        "netIncomeRatio": 0.07024165082812925,
        "eps": 2.065,
        "epsdiluted": 1.97,
        "weightedAverageShsOut": 1252000000,
        "weightedAverageShsOutDil": 1313197970,
        "link": "https://www.sec.gov/Archives/edgar/data/731766/000119312505039947/d10k.htm",
        "finalLink": "https://www.sec.gov/Archives/edgar/data/731766/000119312505039947/d10k.htm"
    },
    {
        "date": "2003-12-31",
        "symbol": "UNH",
        "reportedCurrency": "USD",
        "cik": "0000731766",
        "fillingDate": "2004-03-15",
        "acceptedDate": "2004-03-15 17:10:43",
        "calendarYear": "2003",
        "period": "FY",
        "revenue": 28566000000,
        "costOfRevenue": 20714000000,
        "grossProfit": 7852000000,
        "grossProfitRatio": 0.27487222572288733,
        "researchAndDevelopmentExpenses": 0,
        "generalAndAdministrativeExpenses": 4875000000,
        "sellingAndMarketingExpenses": 0,
        "sellingGeneralAndAdministrativeExpenses": 4875000000,
        "otherExpenses": 299000000,
        "operatingExpenses": 5174000000,
        "costAndExpenses": 25888000000,
        "interestIncome": 0,
        "interestExpense": 95000000,
        "depreciationAndAmortization": 299000000,
        "ebitda": 3234000000,
        "ebitdaratio": 0.11321151018693552,
        "operatingIncome": 2935000000,
        "operatingIncomeRatio": 0.10274452145907723,
        "totalOtherIncomeExpensesNet": -95000000,
        "incomeBeforeTax": 2840000000,
        "incomeBeforeTaxRatio": 0.09941888958902191,
        "incomeTaxExpense": 1015000000,
        "netIncome": 1825000000,
        "netIncomeRatio": 0.0638871385563257,
        "eps": 1.55,
        "epsdiluted": 1.48,
        "weightedAverageShsOut": 1178000000,
        "weightedAverageShsOutDil": 1233108108,
        "link": "https://www.sec.gov/Archives/edgar/data/731766/000095013404003522/c82635e10vk.htm",
        "finalLink": "https://www.sec.gov/Archives/edgar/data/731766/000095013404003522/c82635e10vk.htm"
    },
    {
        "date": "2002-12-31",
        "symbol": "UNH",
        "reportedCurrency": "USD",
        "cik": "0000731766",
        "fillingDate": "2002-12-31",
        "acceptedDate": "2002-12-30 19:00:00",
        "calendarYear": "2002",
        "period": "FY",
        "revenue": 25020000000,
        "costOfRevenue": 18192000000,
        "grossProfit": 6828000000,
        "grossProfitRatio": 0.2729016786570743,
        "researchAndDevelopmentExpenses": 0,
        "generalAndAdministrativeExpenses": 0,
        "sellingAndMarketingExpenses": 0,
        "sellingGeneralAndAdministrativeExpenses": 0,
        "otherExpenses": 4642000000,
        "operatingExpenses": 4642000000,
        "costAndExpenses": 22834000000,
        "interestIncome": 0,
        "interestExpense": 0,
        "depreciationAndAmortization": 255000000,
        "ebitda": 2351000000,
        "ebitdaratio": 0.09396482813749,
        "operatingIncome": 2186000000,
        "operatingIncomeRatio": 0.0873701039168665,
        "totalOtherIncomeExpensesNet": -90000000,
        "incomeBeforeTax": 2096000000,
        "incomeBeforeTaxRatio": 0.08377298161470824,
        "incomeTaxExpense": 744000000,
        "netIncome": 1352000000,
        "netIncomeRatio": 0.05403677058353317,
        "eps": 1.115,
        "epsdiluted": 1.0625,
        "weightedAverageShsOut": 1213600000,
        "weightedAverageShsOutDil": 1272400000,
        "link": "",
        "finalLink": ""
    },
    {
        "date": "2001-12-31",
        "symbol": "UNH",
        "reportedCurrency": "USD",
        "cik": "0000731766",
        "fillingDate": "2001-12-31",
        "acceptedDate": "2001-12-30 19:00:00",
        "calendarYear": "2001",
        "period": "FY",
        "revenue": 23454000000,
        "costOfRevenue": 21623000000,
        "grossProfit": 1831000000,
        "grossProfitRatio": 0.078067707000938,
        "researchAndDevelopmentExpenses": 0,
        "generalAndAdministrativeExpenses": 0,
        "sellingAndMarketingExpenses": 0,
        "sellingGeneralAndAdministrativeExpenses": 0,
        "otherExpenses": 265000000,
        "operatingExpenses": 265000000,
        "costAndExpenses": 21888000000,
        "interestIncome": 0,
        "interestExpense": 0,
        "depreciationAndAmortization": 265000000,
        "ebitda": 1737000000,
        "ebitdaratio": 0.0740598618572525,
        "operatingIncome": 1566000000,
        "operatingIncomeRatio": 0.06676899462778205,
        "totalOtherIncomeExpensesNet": -94000000,
        "incomeBeforeTax": 1472000000,
        "incomeBeforeTaxRatio": 0.06276114948409653,
        "incomeTaxExpense": 559000000,
        "netIncome": 913000000,
        "netIncomeRatio": 0.03892726187430715,
        "eps": 0.73,
        "epsdiluted": 0.6975,
        "weightedAverageShsOut": 1249600000,
        "weightedAverageShsOutDil": 1307200000,
        "link": "",
        "finalLink": ""
    },
    {
        "date": "2000-12-31",
        "symbol": "UNH",
        "reportedCurrency": "USD",
        "cik": "0000731766",
        "fillingDate": "2001-03-30",
        "acceptedDate": "2001-03-30 00:00:00",
        "calendarYear": "2000",
        "period": "FY",
        "revenue": 21122000000,
        "costOfRevenue": 16155000000,
        "grossProfit": 4967000000,
        "grossProfitRatio": 0.23515765552504497,
        "researchAndDevelopmentExpenses": 0,
        "generalAndAdministrativeExpenses": 0,
        "sellingAndMarketingExpenses": 0,
        "sellingGeneralAndAdministrativeExpenses": 0,
        "otherExpenses": 3767000000,
        "operatingExpenses": 3767000000,
        "costAndExpenses": 19922000000,
        "interestIncome": 0,
        "interestExpense": 0,
        "depreciationAndAmortization": 247000000,
        "ebitda": 1402000000,
        "ebitdaratio": 0.06637629012404128,
        "operatingIncome": 1200000000,
        "operatingIncomeRatio": 0.056812801818009656,
        "totalOtherIncomeExpensesNet": -45000000,
        "incomeBeforeTax": 1155000000,
        "incomeBeforeTaxRatio": 0.0546823217498343,
        "incomeTaxExpense": 419000000,
        "netIncome": 736000000,
        "netIncomeRatio": 0.034845185115045925,
        "eps": 0.5675,
        "epsdiluted": 0.5475,
        "weightedAverageShsOut": 1296800000,
        "weightedAverageShsOutDil": 1346000000,
        "link": "https://www.sec.gov/Archives/edgar/data/731766/000091205701505867/0000912057-01-505867-index.html",
        "finalLink": "https://www.sec.gov/Archives/edgar/data/731766/000091205701505867/a2041963z10-k.htm"
    },
    {
        "date": "1999-12-31",
        "symbol": "UNH",
        "reportedCurrency": "USD",
        "cik": "0000731766",
        "fillingDate": "1999-12-31",
        "acceptedDate": "1999-12-30 19:00:00",
        "calendarYear": "1999",
        "period": "FY",
        "revenue": 19562000000,
        "costOfRevenue": 15043000000,
        "grossProfit": 4519000000,
        "grossProfitRatio": 0.23100909927410285,
        "researchAndDevelopmentExpenses": 0,
        "generalAndAdministrativeExpenses": 3343000000,
        "sellingAndMarketingExpenses": 0,
        "sellingGeneralAndAdministrativeExpenses": 3343000000,
        "otherExpenses": 233000000,
        "operatingExpenses": 3576000000,
        "costAndExpenses": 18619000000,
        "interestIncome": 0,
        "interestExpense": 0,
        "depreciationAndAmortization": 233000000,
        "ebitda": 1127000000,
        "ebitdaratio": 0.057611696145588386,
        "operatingIncome": 943000000,
        "operatingIncomeRatio": 0.04820570493814538,
        "totalOtherIncomeExpensesNet": -49000000,
        "incomeBeforeTax": 894000000,
        "incomeBeforeTaxRatio": 0.045700848583989366,
        "incomeTaxExpense": 326000000,
        "netIncome": 568000000,
        "netIncomeRatio": 0.029035885901237093,
        "eps": 0.4075,
        "epsdiluted": 0.4,
        "weightedAverageShsOut": 1392800000,
        "weightedAverageShsOutDil": 1420000000,
        "link": "",
        "finalLink": ""
    },
    {
        "date": "1998-12-31",
        "symbol": "UNH",
        "reportedCurrency": "USD",
        "cik": "0000731766",
        "fillingDate": "1998-12-31",
        "acceptedDate": "1998-12-30 19:00:00",
        "calendarYear": "1998",
        "period": "FY",
        "revenue": 17355000000,
        "costOfRevenue": 13523000000,
        "grossProfit": 3832000000,
        "grossProfitRatio": 0.22080092192451742,
        "researchAndDevelopmentExpenses": 0,
        "generalAndAdministrativeExpenses": 2964000000,
        "sellingAndMarketingExpenses": 0,
        "sellingGeneralAndAdministrativeExpenses": 2964000000,
        "otherExpenses": 185000000,
        "operatingExpenses": 3149000000,
        "costAndExpenses": 16672000000,
        "interestIncome": 0,
        "interestExpense": 0,
        "depreciationAndAmortization": 185000000,
        "ebitda": 139000000,
        "ebitdaratio": 0.0080092192451743,
        "operatingIncome": -42000000,
        "operatingIncomeRatio": -0.0024200518582541053,
        "totalOtherIncomeExpensesNet": -4000000,
        "incomeBeforeTax": -46000000,
        "incomeBeforeTaxRatio": -0.0026505329876116393,
        "incomeTaxExpense": 120000000,
        "netIncome": -166000000,
        "netIncomeRatio": -0.009564966868337655,
        "eps": -0.14,
        "epsdiluted": -0.14,
        "weightedAverageShsOut": 1528000000,
        "weightedAverageShsOutDil": 1528000000,
        "link": "",
        "finalLink": ""
    },
    {
        "date": "1997-12-31",
        "symbol": "UNH",
        "reportedCurrency": "USD",
        "cik": "0000731766",
        "fillingDate": "1997-12-31",
        "acceptedDate": "1997-12-30 19:00:00",
        "calendarYear": "1997",
        "period": "FY",
        "revenue": 11794000000,
        "costOfRevenue": 8542000000,
        "grossProfit": 3252000000,
        "grossProfitRatio": 0.27573342377480076,
        "researchAndDevelopmentExpenses": 0,
        "generalAndAdministrativeExpenses": 2364000000,
        "sellingAndMarketingExpenses": 0,
        "sellingGeneralAndAdministrativeExpenses": 2364000000,
        "otherExpenses": 146000000,
        "operatingExpenses": 2510000000,
        "costAndExpenses": 11052000000,
        "interestIncome": 0,
        "interestExpense": 0,
        "depreciationAndAmortization": 146000000,
        "ebitda": 888000000,
        "ebitdaratio": 0.0752925216211633,
        "operatingIncome": 742000000,
        "operatingIncomeRatio": 0.06291334576903511,
        "totalOtherIncomeExpensesNet": 0,
        "incomeBeforeTax": 742000000,
        "incomeBeforeTaxRatio": 0.06291334576903511,
        "incomeTaxExpense": 282000000,
        "netIncome": 460000000,
        "netIncomeRatio": 0.039002882821773784,
        "eps": 0.2875,
        "epsdiluted": 0.2825,
        "weightedAverageShsOut": 1496000000,
        "weightedAverageShsOutDil": 1528000000,
        "link": "",
        "finalLink": ""
    },
    {
        "date": "1996-12-31",
        "symbol": "UNH",
        "reportedCurrency": "USD",
        "cik": "0000731766",
        "fillingDate": "1997-03-28",
        "acceptedDate": "1997-03-28 00:00:00",
        "calendarYear": "1996",
        "period": "FY",
        "revenue": 10073790000,
        "costOfRevenue": 7179679000,
        "grossProfit": 2894111000,
        "grossProfitRatio": 0.28729117839462603,
        "researchAndDevelopmentExpenses": 0,
        "generalAndAdministrativeExpenses": 2164535000,
        "sellingAndMarketingExpenses": 0,
        "sellingGeneralAndAdministrativeExpenses": 2164535000,
        "otherExpenses": 118198000,
        "operatingExpenses": 2282733000,
        "costAndExpenses": 9462412000,
        "interestIncome": 0,
        "interestExpense": 0,
        "depreciationAndAmortization": 133166000,
        "ebitda": 713401000,
        "ebitdaratio": 0.07081753739158747,
        "operatingIncome": 596410000,
        "operatingIncomeRatio": 0.05920413270477149,
        "totalOtherIncomeExpensesNet": -15560000,
        "incomeBeforeTax": 580850000,
        "incomeBeforeTaxRatio": 0.05765953032572647,
        "incomeTaxExpense": 224598000,
        "netIncome": 355637000,
        "netIncomeRatio": 0.03530319770414114,
        "eps": 0.22,
        "epsdiluted": 0.22,
        "weightedAverageShsOut": 1486760000,
        "weightedAverageShsOutDil": 1486760000,
        "link": "https://www.sec.gov/Archives/edgar/data/731766/000091205797010848/0000912057-97-010848-index.html",
        "finalLink": "https://www.sec.gov/Archives/edgar/data/731766/0000912057-97-010848.txt"
    },
    {
        "date": "1995-12-31",
        "symbol": "UNH",
        "reportedCurrency": "USD",
        "cik": "0000731766",
        "fillingDate": "1996-04-01",
        "acceptedDate": "1996-03-31 19:00:00",
        "calendarYear": "1995",
        "period": "FY",
        "revenue": 5670878000,
        "costOfRevenue": 3930933000,
        "grossProfit": 1739945000,
        "grossProfitRatio": 0.3068210954282564,
        "researchAndDevelopmentExpenses": 0,
        "generalAndAdministrativeExpenses": 1030906000,
        "sellingAndMarketingExpenses": 0,
        "sellingGeneralAndAdministrativeExpenses": 1030906000,
        "otherExpenses": 94458000,
        "operatingExpenses": 1125364000,
        "costAndExpenses": 5056297000,
        "interestIncome": 0,
        "interestExpense": 0,
        "depreciationAndAmortization": 94458000,
        "ebitda": 550627000,
        "ebitdaratio": 0.09709731015197294,
        "operatingIncome": 460785000,
        "operatingIncomeRatio": 0.08125461348313259,
        "totalOtherIncomeExpensesNet": -771000,
        "incomeBeforeTax": 460014000,
        "incomeBeforeTaxRatio": 0.08111865570022843,
        "incomeTaxExpense": 170205000,
        "netIncome": 285964000,
        "netIncomeRatio": 0.05042675931310813,
        "eps": 0.19625,
        "epsdiluted": 0.19625,
        "weightedAverageShsOut": 1419544000,
        "weightedAverageShsOutDil": 1419544000,
        "link": "https://www.sec.gov/Archives/edgar/data/731766/0000950131-96-001401-index.html",
        "finalLink": "https://www.sec.gov/Archives/edgar/data/731766/"
    },
    {
        "date": "1994-12-31",
        "symbol": "UNH",
        "reportedCurrency": "USD",
        "cik": "0000731766",
        "fillingDate": "1994-12-31",
        "acceptedDate": "1994-12-30 19:00:00",
        "calendarYear": "1994",
        "period": "FY",
        "revenue": 3768882000,
        "costOfRevenue": 2643107000,
        "grossProfit": 1125775000,
        "grossProfitRatio": 0.2987026391380786,
        "researchAndDevelopmentExpenses": 0,
        "generalAndAdministrativeExpenses": 0,
        "sellingAndMarketingExpenses": 0,
        "sellingGeneralAndAdministrativeExpenses": 555649000,
        "otherExpenses": 28139000,
        "operatingExpenses": 583788000,
        "costAndExpenses": 3226895000,
        "interestIncome": 0,
        "interestExpense": 0,
        "depreciationAndAmortization": 64079000,
        "ebitda": 1907115000,
        "ebitdaratio": 0.5060161076945364,
        "operatingIncome": 506047000,
        "operatingIncomeRatio": 0.1342697914129442,
        "totalOtherIncomeExpensesNet": -38103000,
        "incomeBeforeTax": 467944000,
        "incomeBeforeTaxRatio": 0.12415989675452827,
        "incomeTaxExpense": 177822000,
        "netIncome": 1665214000,
        "netIncomeRatio": 0.4418323524058328,
        "eps": 1.1875,
        "epsdiluted": 1.1875,
        "weightedAverageShsOut": 1401672000,
        "weightedAverageShsOutDil": 1402217295,
        "link": "",
        "finalLink": ""
    },
    {
        "date": "1993-12-31",
        "symbol": "UNH",
        "reportedCurrency": "USD",
        "cik": "0000731766",
        "fillingDate": "1993-12-31",
        "acceptedDate": "1993-12-30 19:00:00",
        "calendarYear": "1993",
        "period": "FY",
        "revenue": 2527300000,
        "costOfRevenue": 1762600000,
        "grossProfit": 764700000,
        "grossProfitRatio": 0.30257587148340126,
        "researchAndDevelopmentExpenses": 0,
        "generalAndAdministrativeExpenses": 0,
        "sellingAndMarketingExpenses": 0,
        "sellingGeneralAndAdministrativeExpenses": 408500000,
        "otherExpenses": 50300000,
        "operatingExpenses": 458800000,
        "costAndExpenses": 2221400000,
        "interestIncome": 0,
        "interestExpense": 0,
        "depreciationAndAmortization": -50300000,
        "ebitda": 254100000,
        "ebitdaratio": 0.10054208048114589,
        "operatingIncome": 305900000,
        "operatingIncomeRatio": 0.12103826217702687,
        "totalOtherIncomeExpensesNet": -1500000,
        "incomeBeforeTax": 304400000,
        "incomeBeforeTaxRatio": 0.12044474340204962,
        "incomeTaxExpense": 109800000,
        "netIncome": 194600000,
        "netIncomeRatio": 0.07699916907371503,
        "eps": 0.155,
        "epsdiluted": 0.155,
        "weightedAverageShsOut": 1255483871,
        "weightedAverageShsOutDil": 1255483871,
        "link": "",
        "finalLink": ""
    },
    {
        "date": "1992-12-31",
        "symbol": "UNH",
        "reportedCurrency": "USD",
        "cik": "0000731766",
        "fillingDate": "1992-12-31",
        "acceptedDate": "1992-12-30 19:00:00",
        "calendarYear": "1992",
        "period": "FY",
        "revenue": 1441800000,
        "costOfRevenue": 959200000,
        "grossProfit": 482600000,
        "grossProfitRatio": 0.33472048827854073,
        "researchAndDevelopmentExpenses": 0,
        "generalAndAdministrativeExpenses": 0,
        "sellingAndMarketingExpenses": 0,
        "sellingGeneralAndAdministrativeExpenses": 273800000,
        "otherExpenses": 31100000,
        "operatingExpenses": 304900000,
        "costAndExpenses": 1264100000,
        "interestIncome": 0,
        "interestExpense": 0,
        "depreciationAndAmortization": -31100000,
        "ebitda": 144900000,
        "ebitdaratio": 0.10049937578027465,
        "operatingIncome": 177700000,
        "operatingIncomeRatio": 0.12324871688167569,
        "totalOtherIncomeExpensesNet": -1700000,
        "incomeBeforeTax": 176000000,
        "incomeBeforeTaxRatio": 0.12206963517824941,
        "incomeTaxExpense": 61800000,
        "netIncome": 114200000,
        "netIncomeRatio": 0.07920654737134138,
        "eps": 0.105,
        "epsdiluted": 0.105,
        "weightedAverageShsOut": 1087619048,
        "weightedAverageShsOutDil": 1087619048,
        "link": "",
        "finalLink": ""
    },
    {
        "date": "1991-12-31",
        "symbol": "UNH",
        "reportedCurrency": "USD",
        "cik": "0000731766",
        "fillingDate": "1991-12-31",
        "acceptedDate": "1991-12-30 19:00:00",
        "calendarYear": "1991",
        "period": "FY",
        "revenue": 847100000,
        "costOfRevenue": 533700000,
        "grossProfit": 313400000,
        "grossProfitRatio": 0.36996812654940386,
        "researchAndDevelopmentExpenses": 0,
        "generalAndAdministrativeExpenses": 0,
        "sellingAndMarketingExpenses": 0,
        "sellingGeneralAndAdministrativeExpenses": 184000000,
        "otherExpenses": 14300000,
        "operatingExpenses": 198300000,
        "costAndExpenses": 732000000,
        "interestIncome": 0,
        "interestExpense": 0,
        "depreciationAndAmortization": -14300000,
        "ebitda": 99200000,
        "ebitdaratio": 0.11710541848660135,
        "operatingIncome": 115100000,
        "operatingIncomeRatio": 0.13587533939322394,
        "totalOtherIncomeExpensesNet": -1600000,
        "incomeBeforeTax": 113500000,
        "incomeBeforeTaxRatio": 0.1339865423208594,
        "incomeTaxExpense": 38700000,
        "netIncome": 74800000,
        "netIncomeRatio": 0.08830126313304214,
        "eps": 0.075,
        "epsdiluted": 0.075,
        "weightedAverageShsOut": 997333333,
        "weightedAverageShsOutDil": 997333333,
        "link": "",
        "finalLink": ""
    },
    {
        "date": "1990-12-31",
        "symbol": "UNH",
        "reportedCurrency": "USD",
        "cik": "0000731766",
        "fillingDate": "1990-12-31",
        "acceptedDate": "1990-12-30 19:00:00",
        "calendarYear": "1990",
        "period": "FY",
        "revenue": 605500000,
        "costOfRevenue": 383700000,
        "grossProfit": 221800000,
        "grossProfitRatio": 0.36630883567299755,
        "researchAndDevelopmentExpenses": 0,
        "generalAndAdministrativeExpenses": 0,
        "sellingAndMarketingExpenses": 0,
        "sellingGeneralAndAdministrativeExpenses": 155900000,
        "otherExpenses": 10600000,
        "operatingExpenses": 166500000,
        "costAndExpenses": 550200000,
        "interestIncome": 0,
        "interestExpense": 0,
        "depreciationAndAmortization": -10600000,
        "ebitda": 40900000,
        "ebitdaratio": 0.06754748142031379,
        "operatingIncome": 55300000,
        "operatingIncomeRatio": 0.09132947976878612,
        "totalOtherIncomeExpensesNet": -3800000,
        "incomeBeforeTax": 51500000,
        "incomeBeforeTaxRatio": 0.08505367464905036,
        "incomeTaxExpense": 17600000,
        "netIncome": 33900000,
        "netIncomeRatio": 0.05598678777869529,
        "eps": 0.04,
        "epsdiluted": 0.0375,
        "weightedAverageShsOut": 847500000,
        "weightedAverageShsOutDil": 904000000,
        "link": "",
        "finalLink": ""
    },
    {
        "date": "1989-12-31",
        "symbol": "UNH",
        "reportedCurrency": "USD",
        "cik": "0000731766",
        "fillingDate": "1989-12-31",
        "acceptedDate": "1989-12-30 19:00:00",
        "calendarYear": "1989",
        "period": "FY",
        "revenue": 412000000,
        "costOfRevenue": 243600000,
        "grossProfit": 168400000,
        "grossProfitRatio": 0.4087378640776699,
        "researchAndDevelopmentExpenses": 0,
        "generalAndAdministrativeExpenses": 0,
        "sellingAndMarketingExpenses": 0,
        "sellingGeneralAndAdministrativeExpenses": 134700000,
        "otherExpenses": 7800000,
        "operatingExpenses": 142500000,
        "costAndExpenses": 386100000,
        "interestIncome": 0,
        "interestExpense": 0,
        "depreciationAndAmortization": -7800000,
        "ebitda": 13700000,
        "ebitdaratio": 0.03325242718446602,
        "operatingIncome": 25900000,
        "operatingIncomeRatio": 0.06286407766990292,
        "totalOtherIncomeExpensesNet": -4400000,
        "incomeBeforeTax": 21500000,
        "incomeBeforeTaxRatio": 0.05218446601941747,
        "incomeTaxExpense": 7800000,
        "netIncome": 13700000,
        "netIncomeRatio": 0.03325242718446602,
        "eps": 0.02,
        "epsdiluted": 0.02,
        "weightedAverageShsOut": 685000000,
        "weightedAverageShsOutDil": 685000000,
        "link": "",
        "finalLink": ""
    },
    {
        "date": "1988-12-31",
        "symbol": "UNH",
        "reportedCurrency": "USD",
        "cik": "0000731766",
        "fillingDate": "1988-12-31",
        "acceptedDate": "1988-12-30 19:00:00",
        "calendarYear": "1988",
        "period": "FY",
        "revenue": 433900000,
        "costOfRevenue": 304700000,
        "grossProfit": 129200000,
        "grossProfitRatio": 0.2977644618575709,
        "researchAndDevelopmentExpenses": 0,
        "generalAndAdministrativeExpenses": 0,
        "sellingAndMarketingExpenses": 0,
        "sellingGeneralAndAdministrativeExpenses": 128600000,
        "otherExpenses": 8300000,
        "operatingExpenses": 136900000,
        "costAndExpenses": 441600000,
        "interestIncome": 0,
        "interestExpense": 0,
        "depreciationAndAmortization": 8300000,
        "ebitda": -26500000,
        "ebitdaratio": -0.061073980179764925,
        "operatingIncome": -7700000,
        "operatingIncomeRatio": -0.017746024429592073,
        "totalOtherIncomeExpensesNet": -27100000,
        "incomeBeforeTax": -34800000,
        "incomeBeforeTaxRatio": -0.08020281170776676,
        "incomeTaxExpense": 2000000,
        "netIncome": -36800000,
        "netIncomeRatio": -0.08481216870246601,
        "eps": -0.0725,
        "epsdiluted": -0.0725,
        "weightedAverageShsOut": 507586207,
        "weightedAverageShsOutDil": 507586207,
        "link": "",
        "finalLink": ""
    },
    {
        "date": "1987-12-31",
        "symbol": "UNH",
        "reportedCurrency": "USD",
        "cik": "0000731766",
        "fillingDate": "1987-12-31",
        "acceptedDate": "1987-12-30 19:00:00",
        "calendarYear": "1987",
        "period": "FY",
        "revenue": 435400000,
        "costOfRevenue": 298500000,
        "grossProfit": 136900000,
        "grossProfitRatio": 0.3144235186035829,
        "researchAndDevelopmentExpenses": 0,
        "generalAndAdministrativeExpenses": 0,
        "sellingAndMarketingExpenses": 0,
        "sellingGeneralAndAdministrativeExpenses": 149800000,
        "otherExpenses": 7800000,
        "operatingExpenses": 157600000,
        "costAndExpenses": 456100000,
        "interestIncome": 0,
        "interestExpense": 0,
        "depreciationAndAmortization": 7800000,
        "ebitda": -11300000,
        "ebitdaratio": -0.025953146531924667,
        "operatingIncome": -20700000,
        "operatingIncomeRatio": -0.04754248966467616,
        "totalOtherIncomeExpensesNet": 1600000,
        "incomeBeforeTax": -19100000,
        "incomeBeforeTaxRatio": -0.043867707854846116,
        "incomeTaxExpense": -3300000,
        "netIncome": -15800000,
        "netIncomeRatio": -0.03628847037207166,
        "eps": -0.0325,
        "epsdiluted": -0.0325,
        "weightedAverageShsOut": 486153846,
        "weightedAverageShsOutDil": 486153846,
        "link": "",
        "finalLink": ""
    },
    {
        "date": "1986-12-31",
        "symbol": "UNH",
        "reportedCurrency": "USD",
        "cik": "0000731766",
        "fillingDate": "1986-12-31",
        "acceptedDate": "1986-12-30 19:00:00",
        "calendarYear": "1986",
        "period": "FY",
        "revenue": 212900000,
        "costOfRevenue": 123100000,
        "grossProfit": 89800000,
        "grossProfitRatio": 0.4217942696101456,
        "researchAndDevelopmentExpenses": 0,
        "generalAndAdministrativeExpenses": 0,
        "sellingAndMarketingExpenses": 0,
        "sellingGeneralAndAdministrativeExpenses": 78000000,
        "otherExpenses": 3500000,
        "operatingExpenses": 81500000,
        "costAndExpenses": 204600000,
        "interestIncome": 0,
        "interestExpense": 0,
        "depreciationAndAmortization": 3500000,
        "ebitda": 16000000,
        "ebitdaratio": 0.0751526538280883,
        "operatingIncome": 8300000,
        "operatingIncomeRatio": 0.038985439173320806,
        "totalOtherIncomeExpensesNet": 4200000,
        "incomeBeforeTax": 12500000,
        "incomeBeforeTaxRatio": 0.058713010803193987,
        "incomeTaxExpense": 6200000,
        "netIncome": 6300000,
        "netIncomeRatio": 0.02959135744480977,
        "eps": 0.015,
        "epsdiluted": 0.015,
        "weightedAverageShsOut": 420000000,
        "weightedAverageShsOutDil": 420000000,
        "link": "",
        "finalLink": ""
    },
    {
        "date": "1985-12-31",
        "symbol": "UNH",
        "reportedCurrency": "USD",
        "cik": "0000731766",
        "fillingDate": "1985-12-31",
        "acceptedDate": "1985-12-30 19:00:00",
        "calendarYear": "1985",
        "period": "FY",
        "revenue": 101200000,
        "costOfRevenue": 52200000,
        "grossProfit": 49000000,
        "grossProfitRatio": 0.4841897233201581,
        "researchAndDevelopmentExpenses": 0,
        "generalAndAdministrativeExpenses": 0,
        "sellingAndMarketingExpenses": 0,
        "sellingGeneralAndAdministrativeExpenses": 43300000,
        "otherExpenses": 1600000,
        "operatingExpenses": 44900000,
        "costAndExpenses": 97100000,
        "interestIncome": 0,
        "interestExpense": 0,
        "depreciationAndAmortization": 1600000,
        "ebitda": 5700000,
        "ebitdaratio": 0.05632411067193676,
        "operatingIncome": 4100000,
        "operatingIncomeRatio": 0.040513833992094864,
        "totalOtherIncomeExpensesNet": 0,
        "incomeBeforeTax": 4100000,
        "incomeBeforeTaxRatio": 0.040513833992094864,
        "incomeTaxExpense": 2000000,
        "netIncome": 2100000,
        "netIncomeRatio": 0.020750988142292492,
        "eps": 0.0075,
        "epsdiluted": 0.0075,
        "weightedAverageShsOut": 280000000,
        "weightedAverageShsOutDil": 280000000,
        "link": "",
        "finalLink": ""
    }
]