[
    {
        "date": "2022-09-30",
        "symbol": "V",
        "reportedCurrency": "USD",
        "cik": "0001403161",
        "fillingDate": "2022-11-16",
        "acceptedDate": "2022-11-16 16:06:43",
        "calendarYear": "2022",
        "period": "FY",
        "revenue": 29310000000,
        "costOfRevenue": 5733000000,
        "grossProfit": 23577000000,
        "grossProfitRatio": 0.8044012282497441,
        "researchAndDevelopmentExpenses": 0,
        "generalAndAdministrativeExpenses": 1699000000,
        "sellingAndMarketingExpenses": 1336000000,
        "sellingGeneralAndAdministrativeExpenses": 3035000000,
        "otherExpenses": 861000000,
        "operatingExpenses": 3896000000,
        "costAndExpenses": 9629000000,
        "interestIncome": 0,
        "interestExpense": 538000000,
        "depreciationAndAmortization": 861000000,
        "ebitda": 19535000000,
        "ebitdaratio": 0.6664960764244285,
        "operatingIncome": 18813000000,
        "operatingIncomeRatio": 0.6418628454452405,
        "totalOtherIncomeExpensesNet": -677000000,
        "incomeBeforeTax": 18136000000,
        "incomeBeforeTaxRatio": 0.6187649266461959,
        "incomeTaxExpense": 3179000000,
        "netIncome": 14957000000,
        "netIncomeRatio": 0.5103036506311839,
        "eps": 7.02,
        "epsdiluted": 6.84,
        "weightedAverageShsOut": 2130301000,
        "weightedAverageShsOutDil": 2188000000,
        "link": "https://www.sec.gov/Archives/edgar/data/1403161/000140316122000081/0001403161-22-000081-index.htm",
        "finalLink": "https://www.sec.gov/Archives/edgar/data/1403161/000140316122000081/v-20220930.htm"
    },
    {
        "date": "2021-09-30",
        "symbol": "V",
        "reportedCurrency": "USD",
        "cik": "0001403161",
        "fillingDate": "2021-11-18",
        "acceptedDate": "2021-11-18 16:06:50",
        "calendarYear": "2021",
        "period": "FY",
        "revenue": 24105000000,
        "costOfRevenue": 4970000000,
        "grossProfit": 19135000000,
        "grossProfitRatio": 0.7938187098112425,
        "researchAndDevelopmentExpenses": 0,
        "generalAndAdministrativeExpenses": 1388000000,
        "sellingAndMarketingExpenses": 1136000000,
        "sellingGeneralAndAdministrativeExpenses": 2524000000,
        "otherExpenses": 804000000,
        "operatingExpenses": 3328000000,
        "costAndExpenses": 8298000000,
        "interestIncome": 0,
        "interestExpense": 513000000,
        "depreciationAndAmortization": 804000000,
        "ebitda": 17380000000,
        "ebitdaratio": 0.7210122381248704,
        "operatingIncome": 15804000000,
        "operatingIncomeRatio": 0.6556316116988177,
        "totalOtherIncomeExpensesNet": 259000000,
        "incomeBeforeTax": 16063000000,
        "incomeBeforeTaxRatio": 0.6663762704833022,
        "incomeTaxExpense": 3752000000,
        "netIncome": 12311000000,
        "netIncomeRatio": 0.5107239161999585,
        "eps": 5.63,
        "epsdiluted": 5.63,
        "weightedAverageShsOut": 2130301000,
        "weightedAverageShsOutDil": 2188000000,
        "link": "https://www.sec.gov/Archives/edgar/data/1403161/000140316121000060/0001403161-21-000060-index.htm",
        "finalLink": "https://www.sec.gov/Archives/edgar/data/1403161/000140316121000060/v-20210930.htm"
    },
    {
        "date": "2020-09-30",
        "symbol": "V",
        "reportedCurrency": "USD",
        "cik": "0001403161",
        "fillingDate": "2020-11-19",
        "acceptedDate": "2020-11-19 16:03:34",
        "calendarYear": "2020",
        "period": "FY",
        "revenue": 21846000000,
        "costOfRevenue": 4512000000,
        "grossProfit": 17334000000,
        "grossProfitRatio": 0.7934633342488328,
        "researchAndDevelopmentExpenses": 0,
        "generalAndAdministrativeExpenses": 1504000000,
        "sellingAndMarketingExpenses": 971000000,
        "sellingGeneralAndAdministrativeExpenses": 2475000000,
        "otherExpenses": 767000000,
        "operatingExpenses": 3242000000,
        "costAndExpenses": 7754000000,
        "interestIncome": 0,
        "interestExpense": 516000000,
        "depreciationAndAmortization": 767000000,
        "ebitda": 15073000000,
        "ebitdaratio": 0.6899661265220177,
        "operatingIncome": 14081000000,
        "operatingIncomeRatio": 0.6445573560377186,
        "totalOtherIncomeExpensesNet": -291000000,
        "incomeBeforeTax": 13790000000,
        "incomeBeforeTaxRatio": 0.6312368396960542,
        "incomeTaxExpense": 2924000000,
        "netIncome": 10866000000,
        "netIncomeRatio": 0.49739082669596263,
        "eps": 4.9,
        "epsdiluted": 4.89,
        "weightedAverageShsOut": 2140301000,
        "weightedAverageShsOutDil": 2223000000,
        "link": "https://www.sec.gov/Archives/edgar/data/1403161/000140316120000070/0001403161-20-000070-index.htm",
        "finalLink": "https://www.sec.gov/Archives/edgar/data/1403161/000140316120000070/v-20200930.htm"
    },
    {
        "date": "2019-09-30",
        "symbol": "V",
        "reportedCurrency": "USD",
        "cik": "0001403161",
        "fillingDate": "2019-11-14",
        "acceptedDate": "2019-11-14 15:35:00",
        "calendarYear": "2019",
        "period": "FY",
        "revenue": 22977000000,
        "costOfRevenue": 4165000000,
        "grossProfit": 18812000000,
        "grossProfitRatio": 0.8187317752535144,
        "researchAndDevelopmentExpenses": 0,
        "generalAndAdministrativeExpenses": 1650000000,
        "sellingAndMarketingExpenses": 1105000000,
        "sellingGeneralAndAdministrativeExpenses": 2755000000,
        "otherExpenses": 656000000,
        "operatingExpenses": 3411000000,
        "costAndExpenses": 7576000000,
        "interestIncome": 0,
        "interestExpense": 533000000,
        "depreciationAndAmortization": 656000000,
        "ebitda": 16073000000,
        "ebitdaratio": 0.6995256125690908,
        "operatingIncome": 15001000000,
        "operatingIncomeRatio": 0.6528702615659138,
        "totalOtherIncomeExpensesNet": -117000000,
        "incomeBeforeTax": 14884000000,
        "incomeBeforeTaxRatio": 0.6477782129956043,
        "incomeTaxExpense": 2804000000,
        "netIncome": 12080000000,
        "netIncomeRatio": 0.5257431344387866,
        "eps": 5.32,
        "epsdiluted": 5.32,
        "weightedAverageShsOut": 2189301000,
        "weightedAverageShsOutDil": 2272000000,
        "link": "https://www.sec.gov/Archives/edgar/data/1403161/000140316119000050/0001403161-19-000050-index.html",
        "finalLink": "https://www.sec.gov/Archives/edgar/data/1403161/000140316119000050/v093019form10k.htm"
    },
    {
        "date": "2018-09-30",
        "symbol": "V",
        "reportedCurrency": "USD",
        "cik": "0001403161",
        "fillingDate": "2018-11-16",
        "acceptedDate": "2018-11-16 16:10:27",
        "calendarYear": "2018",
        "period": "FY",
        "revenue": 20609000000,
        "costOfRevenue": 3856000000,
        "grossProfit": 16753000000,
        "grossProfitRatio": 0.8128972778883012,
        "researchAndDevelopmentExpenses": 0,
        "generalAndAdministrativeExpenses": 1591000000,
        "sellingAndMarketingExpenses": 988000000,
        "sellingGeneralAndAdministrativeExpenses": 2579000000,
        "otherExpenses": 613000000,
        "operatingExpenses": 3192000000,
        "costAndExpenses": 7048000000,
        "interestIncome": 0,
        "interestExpense": 612000000,
        "depreciationAndAmortization": 613000000,
        "ebitda": 14031000000,
        "ebitdaratio": 0.6808190596341405,
        "operatingIncome": 12954000000,
        "operatingIncomeRatio": 0.6285603377165316,
        "totalOtherIncomeExpensesNet": -148000000,
        "incomeBeforeTax": 12806000000,
        "incomeBeforeTaxRatio": 0.6213790091707506,
        "incomeTaxExpense": 2505000000,
        "netIncome": 10301000000,
        "netIncomeRatio": 0.49983017128439033,
        "eps": 4.43,
        "epsdiluted": 4.42,
        "weightedAverageShsOut": 2239301000,
        "weightedAverageShsOutDil": 2329000000,
        "link": "https://www.sec.gov/Archives/edgar/data/1403161/000140316118000055/0001403161-18-000055-index.html",
        "finalLink": "https://www.sec.gov/Archives/edgar/data/1403161/000140316118000055/v093018.htm"
    },
    {
        "date": "2017-09-30",
        "symbol": "V",
        "reportedCurrency": "USD",
        "cik": "0001403161",
        "fillingDate": "2017-11-17",
        "acceptedDate": "2017-11-16 20:07:25",
        "calendarYear": "2017",
        "period": "FY",
        "revenue": 18358000000,
        "costOfRevenue": 3248000000,
        "grossProfit": 15110000000,
        "grossProfitRatio": 0.8230744089770128,
        "researchAndDevelopmentExpenses": 0,
        "generalAndAdministrativeExpenses": 1469000000,
        "sellingAndMarketingExpenses": 922000000,
        "sellingGeneralAndAdministrativeExpenses": 2391000000,
        "otherExpenses": 556000000,
        "operatingExpenses": 2947000000,
        "costAndExpenses": 6195000000,
        "interestIncome": 0,
        "interestExpense": 563000000,
        "depreciationAndAmortization": 556000000,
        "ebitda": 12813000000,
        "ebitdaratio": 0.6979518466063841,
        "operatingIncome": 12144000000,
        "operatingIncomeRatio": 0.6615099684061445,
        "totalOtherIncomeExpensesNet": -450000000,
        "incomeBeforeTax": 11694000000,
        "incomeBeforeTaxRatio": 0.6369974942804227,
        "incomeTaxExpense": 4995000000,
        "netIncome": 6699000000,
        "netIncomeRatio": 0.3649090314849112,
        "eps": 2.8,
        "epsdiluted": 2.8,
        "weightedAverageShsOut": 2305000000,
        "weightedAverageShsOutDil": 2395000000,
        "link": "https://www.sec.gov/Archives/edgar/data/1403161/000140316117000044/0001403161-17-000044-index.html",
        "finalLink": "https://www.sec.gov/Archives/edgar/data/1403161/000140316117000044/v093017.htm"
    },
    {
        "date": "2016-09-30",
        "symbol": "V",
        "reportedCurrency": "USD",
        "cik": "0001403161",
        "fillingDate": "2016-11-15",
        "acceptedDate": "2016-11-15 16:44:02",
        "calendarYear": "2016",
        "period": "FY",
        "revenue": 15082000000,
        "costOfRevenue": 2764000000,
        "grossProfit": 12318000000,
        "grossProfitRatio": 0.816735181010476,
        "researchAndDevelopmentExpenses": 0,
        "generalAndAdministrativeExpenses": 1185000000,
        "sellingAndMarketingExpenses": 869000000,
        "sellingGeneralAndAdministrativeExpenses": 2054000000,
        "otherExpenses": 502000000,
        "operatingExpenses": 2556000000,
        "costAndExpenses": 5320000000,
        "interestIncome": 0,
        "interestExpense": 427000000,
        "depreciationAndAmortization": 502000000,
        "ebitda": 8941000000,
        "ebitdaratio": 0.5928258851611192,
        "operatingIncome": 7883000000,
        "operatingIncomeRatio": 0.5226760376607877,
        "totalOtherIncomeExpensesNet": 129000000,
        "incomeBeforeTax": 8012000000,
        "incomeBeforeTaxRatio": 0.5312292799363479,
        "incomeTaxExpense": 2021000000,
        "netIncome": 5991000000,
        "netIncomeRatio": 0.39722848428590374,
        "eps": 2.49,
        "epsdiluted": 2.48,
        "weightedAverageShsOut": 2386000000,
        "weightedAverageShsOutDil": 2414000000,
        "link": "https://www.sec.gov/Archives/edgar/data/1403161/000140316116000058/0001403161-16-000058-index.html",
        "finalLink": "https://www.sec.gov/Archives/edgar/data/1403161/000140316116000058/v093016.htm"
    },
    {
        "date": "2015-09-30",
        "symbol": "V",
        "reportedCurrency": "USD",
        "cik": "0001403161",
        "fillingDate": "2015-11-20",
        "acceptedDate": "2015-11-19 18:24:51",
        "calendarYear": "2015",
        "period": "FY",
        "revenue": 13880000000,
        "costOfRevenue": 2553000000,
        "grossProfit": 11327000000,
        "grossProfitRatio": 0.8160662824207493,
        "researchAndDevelopmentExpenses": 0,
        "generalAndAdministrativeExpenses": 883000000,
        "sellingAndMarketingExpenses": 872000000,
        "sellingGeneralAndAdministrativeExpenses": 1755000000,
        "otherExpenses": 494000000,
        "operatingExpenses": 2249000000,
        "costAndExpenses": 4802000000,
        "interestIncome": 0,
        "interestExpense": 0,
        "depreciationAndAmortization": 494000000,
        "ebitda": 9489000000,
        "ebitdaratio": 0.6836455331412103,
        "operatingIncome": 9064000000,
        "operatingIncomeRatio": 0.6530259365994237,
        "totalOtherIncomeExpensesNet": -69000000,
        "incomeBeforeTax": 8995000000,
        "incomeBeforeTaxRatio": 0.6480547550432276,
        "incomeTaxExpense": 2667000000,
        "netIncome": 6328000000,
        "netIncomeRatio": 0.4559077809798271,
        "eps": 2.58,
        "epsdiluted": 2.58,
        "weightedAverageShsOut": 2446000000,
        "weightedAverageShsOutDil": 2457000000,
        "link": "https://www.sec.gov/Archives/edgar/data/1403161/000140316115000013/0001403161-15-000013-index.html",
        "finalLink": "https://www.sec.gov/Archives/edgar/data/1403161/000140316115000013/v093015.htm"
    },
    {
        "date": "2014-09-30",
        "symbol": "V",
        "reportedCurrency": "USD",
        "cik": "0001403161",
        "fillingDate": "2014-11-21",
        "acceptedDate": "2014-11-20 18:57:50",
        "calendarYear": "2014",
        "period": "FY",
        "revenue": 12702000000,
        "costOfRevenue": 2382000000,
        "grossProfit": 10320000000,
        "grossProfitRatio": 0.812470477090222,
        "researchAndDevelopmentExpenses": 0,
        "generalAndAdministrativeExpenses": 835000000,
        "sellingAndMarketingExpenses": 900000000,
        "sellingGeneralAndAdministrativeExpenses": 1735000000,
        "otherExpenses": 435000000,
        "operatingExpenses": 2170000000,
        "costAndExpenses": 4552000000,
        "interestIncome": 0,
        "interestExpense": 0,
        "depreciationAndAmortization": 435000000,
        "ebitda": 8159000000,
        "ebitdaratio": 0.6423397890096048,
        "operatingIncome": 7697000000,
        "operatingIncomeRatio": 0.6059675641631239,
        "totalOtherIncomeExpensesNet": 27000000,
        "incomeBeforeTax": 7724000000,
        "incomeBeforeTaxRatio": 0.6080932136671391,
        "incomeTaxExpense": 2286000000,
        "netIncome": 5438000000,
        "netIncomeRatio": 0.4281215556605259,
        "eps": 2.1625,
        "epsdiluted": 2.155,
        "weightedAverageShsOut": 2508000000,
        "weightedAverageShsOutDil": 2524000000,
        "link": "https://www.sec.gov/Archives/edgar/data/1403161/000140316114000017/0001403161-14-000017-index.html",
        "finalLink": "https://www.sec.gov/Archives/edgar/data/1403161/000140316114000017/v09301410-k.htm"
    },
    {
        "date": "2013-09-30",
        "symbol": "V",
        "reportedCurrency": "USD",
        "cik": "0001403161",
        "fillingDate": "2013-11-22",
        "acceptedDate": "2013-11-21 19:53:37",
        "calendarYear": "2013",
        "period": "FY",
        "revenue": 11778000000,
        "costOfRevenue": 2400000000,
        "grossProfit": 9378000000,
        "grossProfitRatio": 0.7962302598064187,
        "researchAndDevelopmentExpenses": 0,
        "generalAndAdministrativeExpenses": 863000000,
        "sellingAndMarketingExpenses": 876000000,
        "sellingGeneralAndAdministrativeExpenses": 1739000000,
        "otherExpenses": 397000000,
        "operatingExpenses": 2136000000,
        "costAndExpenses": 4536000000,
        "interestIncome": 0,
        "interestExpense": 0,
        "depreciationAndAmortization": 397000000,
        "ebitda": 7654000000,
        "ebitdaratio": 0.6498556631006962,
        "operatingIncome": 7239000000,
        "operatingIncomeRatio": 0.6146204788588895,
        "totalOtherIncomeExpensesNet": 18000000,
        "incomeBeforeTax": 7257000000,
        "incomeBeforeTaxRatio": 0.6161487519103414,
        "incomeTaxExpense": 2277000000,
        "netIncome": 4980000000,
        "netIncomeRatio": 0.4228222109016811,
        "eps": 1.9025,
        "epsdiluted": 1.8975,
        "weightedAverageShsOut": 2604000000,
        "weightedAverageShsOutDil": 2624000000,
        "link": "https://www.sec.gov/Archives/edgar/data/1403161/000140316113000011/0001403161-13-000011-index.html",
        "finalLink": "https://www.sec.gov/Archives/edgar/data/1403161/000140316113000011/v09301310-k.htm"
    },
    {
        "date": "2012-09-30",
        "symbol": "V",
        "reportedCurrency": "USD",
        "cik": "0001403161",
        "fillingDate": "2012-11-16",
        "acceptedDate": "2012-11-15 20:15:57",
        "calendarYear": "2012",
        "period": "FY",
        "revenue": 10421000000,
        "costOfRevenue": 2140000000,
        "grossProfit": 8281000000,
        "grossProfitRatio": 0.794645427502159,
        "researchAndDevelopmentExpenses": 0,
        "generalAndAdministrativeExpenses": 836000000,
        "sellingAndMarketingExpenses": 873000000,
        "sellingGeneralAndAdministrativeExpenses": 1709000000,
        "otherExpenses": 333000000,
        "operatingExpenses": 2042000000,
        "costAndExpenses": 4182000000,
        "interestIncome": 0,
        "interestExpense": 0,
        "depreciationAndAmortization": 333000000,
        "ebitda": 2542000000,
        "ebitdaratio": 0.2439305249016409,
        "operatingIncome": 2139000000,
        "operatingIncomeRatio": 0.20525861241723442,
        "totalOtherIncomeExpensesNet": 68000000,
        "incomeBeforeTax": 2207000000,
        "incomeBeforeTaxRatio": 0.21178389789847424,
        "incomeTaxExpense": 65000000,
        "netIncome": 2144000000,
        "netIncomeRatio": 0.20573841282026678,
        "eps": 0.6625,
        "epsdiluted": 0.555,
        "weightedAverageShsOut": 3240000000,
        "weightedAverageShsOutDil": 3856000000,
        "link": "https://www.sec.gov/Archives/edgar/data/1403161/000138410812000011/0001384108-12-000011-index.html",
        "finalLink": "https://www.sec.gov/Archives/edgar/data/1403161/000138410812000011/v09301210-k.htm"
    },
    {
        "date": "2011-09-30",
        "symbol": "V",
        "reportedCurrency": "USD",
        "cik": "0001403161",
        "fillingDate": "2011-11-18",
        "acceptedDate": "2011-11-17 19:39:34",
        "calendarYear": "2011",
        "period": "FY",
        "revenue": 9188000000,
        "costOfRevenue": 1816000000,
        "grossProfit": 7372000000,
        "grossProfitRatio": 0.802350892468437,
        "researchAndDevelopmentExpenses": 0,
        "generalAndAdministrativeExpenses": 751000000,
        "sellingAndMarketingExpenses": 870000000,
        "sellingGeneralAndAdministrativeExpenses": 1621000000,
        "otherExpenses": 288000000,
        "operatingExpenses": 1909000000,
        "costAndExpenses": 3725000000,
        "interestIncome": 0,
        "interestExpense": 32000000,
        "depreciationAndAmortization": 288000000,
        "ebitda": 5980000000,
        "ebitdaratio": 0.6508489333913801,
        "operatingIncome": 5456000000,
        "operatingIncomeRatio": 0.5938180235089247,
        "totalOtherIncomeExpensesNet": 200000000,
        "incomeBeforeTax": 5656000000,
        "incomeBeforeTaxRatio": 0.6155855463648237,
        "incomeTaxExpense": 2010000000,
        "netIncome": 3650000000,
        "netIncomeRatio": 0.3972572921201567,
        "eps": 1.1075,
        "epsdiluted": 0.8925,
        "weightedAverageShsOut": 3296000000,
        "weightedAverageShsOutDil": 4088000000,
        "link": "https://www.sec.gov/Archives/edgar/data/1403161/000119312511315956/0001193125-11-315956-index.html",
        "finalLink": "https://www.sec.gov/Archives/edgar/data/1403161/000119312511315956/d218694d10k.htm"
    },
    {
        "date": "2010-09-30",
        "symbol": "V",
        "reportedCurrency": "USD",
        "cik": "0001403161",
        "fillingDate": "2010-11-19",
        "acceptedDate": "2010-11-19 16:10:39",
        "calendarYear": "2010",
        "period": "FY",
        "revenue": 8065000000,
        "costOfRevenue": 1647000000,
        "grossProfit": 6418000000,
        "grossProfitRatio": 0.7957842529448234,
        "researchAndDevelopmentExpenses": 0,
        "generalAndAdministrativeExpenses": 645000000,
        "sellingAndMarketingExpenses": 964000000,
        "sellingGeneralAndAdministrativeExpenses": 1609000000,
        "otherExpenses": 265000000,
        "operatingExpenses": 1874000000,
        "costAndExpenses": 3521000000,
        "interestIncome": 0,
        "interestExpense": 72000000,
        "depreciationAndAmortization": 265000000,
        "ebitda": 4977000000,
        "ebitdaratio": 0.6171109733415995,
        "operatingIncome": 4589000000,
        "operatingIncomeRatio": 0.5690018598884067,
        "totalOtherIncomeExpensesNet": 49000000,
        "incomeBeforeTax": 4638000000,
        "incomeBeforeTaxRatio": 0.575077495350279,
        "incomeTaxExpense": 1674000000,
        "netIncome": 2966000000,
        "netIncomeRatio": 0.36776193428394294,
        "eps": 0.8837902264600715,
        "epsdiluted": 0.6765510948905109,
        "weightedAverageShsOut": 3356000000,
        "weightedAverageShsOutDil": 4384000000,
        "link": "https://www.sec.gov/Archives/edgar/data/1403161/000119312510265236/0001193125-10-265236-index.html",
        "finalLink": "https://www.sec.gov/Archives/edgar/data/1403161/000119312510265236/d10k.htm"
    },
    {
        "date": "2009-09-30",
        "symbol": "V",
        "reportedCurrency": "USD",
        "cik": "0001403161",
        "fillingDate": "2009-11-20",
        "acceptedDate": "2009-11-20 16:07:00",
        "calendarYear": "2009",
        "period": "FY",
        "revenue": 6911000000,
        "costOfRevenue": 1536000000,
        "grossProfit": 5375000000,
        "grossProfitRatio": 0.7777456229199826,
        "researchAndDevelopmentExpenses": 0,
        "generalAndAdministrativeExpenses": 691000000,
        "sellingAndMarketingExpenses": 918000000,
        "sellingGeneralAndAdministrativeExpenses": 1609000000,
        "otherExpenses": 226000000,
        "operatingExpenses": 1835000000,
        "costAndExpenses": 3371000000,
        "interestIncome": 0,
        "interestExpense": 115000000,
        "depreciationAndAmortization": 226000000,
        "ebitda": 4342000000,
        "ebitdaratio": 0.6282737664592678,
        "operatingIncome": 3538000000,
        "operatingIncomeRatio": 0.5119374909564463,
        "totalOtherIncomeExpensesNet": 462000000,
        "incomeBeforeTax": 4000000000,
        "incomeBeforeTaxRatio": 0.5787874403125453,
        "incomeTaxExpense": 1648000000,
        "netIncome": 2353000000,
        "netIncomeRatio": 0.3404717117638547,
        "eps": 0.7775,
        "epsdiluted": 0.775,
        "weightedAverageShsOut": 1804000000,
        "weightedAverageShsOutDil": 3032000000,
        "link": "https://www.sec.gov/Archives/edgar/data/1403161/000119312509239249/0001193125-09-239249-index.html",
        "finalLink": "https://www.sec.gov/Archives/edgar/data/1403161/000119312509239249/d10k.htm"
    },
    {
        "date": "2008-09-30",
        "symbol": "V",
        "reportedCurrency": "USD",
        "cik": "0001403161",
        "fillingDate": "2008-11-21",
        "acceptedDate": "2008-11-20 21:38:24",
        "calendarYear": "2008",
        "period": "FY",
        "revenue": 6263000000,
        "costOfRevenue": 1538000000,
        "grossProfit": 4725000000,
        "grossProfitRatio": 0.7544307839693437,
        "researchAndDevelopmentExpenses": 0,
        "generalAndAdministrativeExpenses": 770000000,
        "sellingAndMarketingExpenses": 1016000000,
        "sellingGeneralAndAdministrativeExpenses": 1786000000,
        "otherExpenses": 237000000,
        "operatingExpenses": 2023000000,
        "costAndExpenses": 3561000000,
        "interestIncome": 0,
        "interestExpense": 143000000,
        "depreciationAndAmortization": 237000000,
        "ebitda": 1716000000,
        "ebitdaratio": 0.27399010059077117,
        "operatingIncome": 1232000000,
        "operatingIncomeRatio": 0.19671084144978446,
        "totalOtherIncomeExpensesNet": 104000000,
        "incomeBeforeTax": 1336000000,
        "incomeBeforeTaxRatio": 0.21331630209164937,
        "incomeTaxExpense": 532000000,
        "netIncome": 804000000,
        "netIncomeRatio": 0.12837298419287882,
        "eps": 0.24,
        "epsdiluted": 0.24,
        "weightedAverageShsOut": 2672000000,
        "weightedAverageShsOutDil": 3076000000,
        "link": "https://www.sec.gov/Archives/edgar/data/1403161/000119312508240384/0001193125-08-240384-index.html",
        "finalLink": "https://www.sec.gov/Archives/edgar/data/1403161/000119312508240384/d10k.htm"
    },
    {
        "date": "2007-09-30",
        "symbol": "V",
        "reportedCurrency": "USD",
        "cik": "0001403161",
        "fillingDate": "2007-12-21",
        "acceptedDate": "2007-12-21 15:58:47",
        "calendarYear": "2007",
        "period": "FY",
        "revenue": 3589796000,
        "costOfRevenue": 0,
        "grossProfit": 0,
        "grossProfitRatio": 0,
        "researchAndDevelopmentExpenses": 0,
        "generalAndAdministrativeExpenses": 210948000,
        "sellingAndMarketingExpenses": 580883000,
        "sellingGeneralAndAdministrativeExpenses": 791831000,
        "otherExpenses": 4247460000,
        "operatingExpenses": 5039291000,
        "costAndExpenses": 5039291000,
        "interestIncome": 0,
        "interestExpense": 80658000,
        "depreciationAndAmortization": 625693000,
        "ebitda": -685737000,
        "ebitdaratio": -0.19102394676466294,
        "operatingIncome": -1449495000,
        "operatingIncomeRatio": -0.4037819976399773,
        "totalOtherIncomeExpensesNet": 62077000,
        "incomeBeforeTax": -1387418000,
        "incomeBeforeTaxRatio": -0.3864893715408898,
        "incomeTaxExpense": -315993000,
        "netIncome": -1076095000,
        "netIncomeRatio": -0.29976494486037647,
        "eps": -0.347127,
        "epsdiluted": -0.347127,
        "weightedAverageShsOut": 3100000000,
        "weightedAverageShsOutDil": 3100000000,
        "link": "https://www.sec.gov/Archives/edgar/data/1403161/000119312507270394/0001193125-07-270394-index.html",
        "finalLink": "https://www.sec.gov/Archives/edgar/data/1403161/000119312507270394/d10k.htm"
    },
    {
        "date": "2006-09-30",
        "symbol": "V",
        "reportedCurrency": "USD",
        "cik": "0001403161",
        "fillingDate": "2006-09-30",
        "acceptedDate": "2006-09-29 20:00:00",
        "calendarYear": "2006",
        "period": "FY",
        "revenue": 2948126000,
        "costOfRevenue": 0,
        "grossProfit": 0,
        "grossProfitRatio": 0,
        "researchAndDevelopmentExpenses": 0,
        "generalAndAdministrativeExpenses": 117837000,
        "sellingAndMarketingExpenses": 539258000,
        "sellingGeneralAndAdministrativeExpenses": 657095000,
        "otherExpenses": 0,
        "operatingExpenses": 0,
        "costAndExpenses": 2218456000,
        "interestIncome": 0,
        "interestExpense": 0,
        "depreciationAndAmortization": 720206000,
        "ebitda": 1426105000,
        "ebitdaratio": 0.48373271698699444,
        "operatingIncome": 729670000,
        "operatingIncomeRatio": 0.24750299003502563,
        "totalOtherIncomeExpensesNet": -7854000,
        "incomeBeforeTax": 721816000,
        "incomeBeforeTaxRatio": 0.24483892479493752,
        "incomeTaxExpense": 251338000,
        "netIncome": 454561000,
        "netIncomeRatio": 0.154186422154277,
        "eps": 0.146633,
        "epsdiluted": 0.146633,
        "weightedAverageShsOut": 3100000000,
        "weightedAverageShsOutDil": 3100000000,
        "link": "",
        "finalLink": ""
    },
    {
        "date": "2005-09-30",
        "symbol": "V",
        "reportedCurrency": "USD",
        "cik": "0001403161",
        "fillingDate": "2005-09-30",
        "acceptedDate": "2005-09-29 20:00:00",
        "calendarYear": "2005",
        "period": "FY",
        "revenue": 2664605000,
        "costOfRevenue": 957011000,
        "grossProfit": 1707594000,
        "grossProfitRatio": 0.6408432019004693,
        "researchAndDevelopmentExpenses": 0,
        "generalAndAdministrativeExpenses": 665416000,
        "sellingAndMarketingExpenses": 456922000,
        "sellingGeneralAndAdministrativeExpenses": 1122338000,
        "otherExpenses": 0,
        "operatingExpenses": 1122338000,
        "costAndExpenses": 2079349000,
        "interestIncome": 0,
        "interestExpense": 108485000,
        "depreciationAndAmortization": 135528000,
        "ebitda": 692010000,
        "ebitdaratio": 0.2597045340679012,
        "operatingIncome": 452922000,
        "operatingIncomeRatio": 0.16997716359460407,
        "totalOtherIncomeExpensesNet": 3323000,
        "incomeBeforeTax": 456245000,
        "incomeBeforeTaxRatio": 0.17122425275040765,
        "incomeTaxExpense": 183296000,
        "netIncome": 264701000,
        "netIncomeRatio": 0.09933967698777117,
        "eps": 0.0853874193548387,
        "epsdiluted": 0.0853874193548387,
        "weightedAverageShsOut": 3100000000,
        "weightedAverageShsOutDil": 3100000000,
        "link": "",
        "finalLink": ""
    },
    {
        "date": "2003-09-30",
        "symbol": "V",
        "reportedCurrency": "USD",
        "cik": "0001403161",
        "fillingDate": "2003-09-30",
        "acceptedDate": "2003-09-29 20:00:00",
        "calendarYear": "2003",
        "period": "FY",
        "revenue": 1980000000,
        "costOfRevenue": 0,
        "grossProfit": 0,
        "grossProfitRatio": 0,
        "researchAndDevelopmentExpenses": 0,
        "generalAndAdministrativeExpenses": 0,
        "sellingAndMarketingExpenses": 0,
        "sellingGeneralAndAdministrativeExpenses": 0,
        "otherExpenses": 0,
        "operatingExpenses": 0,
        "costAndExpenses": 3398000000,
        "interestIncome": 0,
        "interestExpense": 0,
        "depreciationAndAmortization": 0,
        "ebitda": -885000000,
        "ebitdaratio": -0.44696969696969696,
        "operatingIncome": -1418000000,
        "operatingIncomeRatio": -0.7161616161616161,
        "totalOtherIncomeExpensesNet": -38000000,
        "incomeBeforeTax": 0,
        "incomeBeforeTaxRatio": 0,
        "incomeTaxExpense": 0,
        "netIncome": -885000000,
        "netIncomeRatio": -0.44696969696969696,
        "eps": -0.285484,
        "epsdiluted": -0.285484,
        "weightedAverageShsOut": 3100000000,
        "weightedAverageShsOutDil": 3100000000,
        "link": "",
        "finalLink": ""
    }
]