[
    {
        "date": "2021-12-31",
        "symbol": "WBD",
        "reportedCurrency": "USD",
        "cik": "0001437107",
        "fillingDate": "2022-02-24",
        "acceptedDate": "2022-02-24 14:14:26",
        "calendarYear": "2021",
        "period": "FY",
        "revenue": 12191000000,
        "costOfRevenue": 4620000000,
        "grossProfit": 7571000000,
        "grossProfitRatio": 0.6210319087851693,
        "researchAndDevelopmentExpenses": 0,
        "generalAndAdministrativeExpenses": 0,
        "sellingAndMarketingExpenses": 0,
        "sellingGeneralAndAdministrativeExpenses": 4016000000,
        "otherExpenses": 1582000000,
        "operatingExpenses": 5598000000,
        "costAndExpenses": 10218000000,
        "interestIncome": 18000000,
        "interestExpense": 633000000,
        "depreciationAndAmortization": 5083000000,
        "ebitda": 6958000000,
        "ebitdaratio": 0.5707489131326389,
        "operatingIncome": 2012000000,
        "operatingIncomeRatio": 0.16503978344680503,
        "totalOtherIncomeExpensesNet": -579000000,
        "incomeBeforeTax": 1433000000,
        "incomeBeforeTaxRatio": 0.11754573045689443,
        "incomeTaxExpense": 236000000,
        "netIncome": 1006000000,
        "netIncomeRatio": 0.08251989172340252,
        "eps": 1.99,
        "epsdiluted": 1.5,
        "weightedAverageShsOut": 505000000,
        "weightedAverageShsOutDil": 672000000,
        "link": "https://www.sec.gov/Archives/edgar/data/1437107/000143710722000031/0001437107-22-000031-index.htm",
        "finalLink": "https://www.sec.gov/Archives/edgar/data/1437107/000143710722000031/disca-20211231.htm"
    },
    {
        "date": "2020-12-31",
        "symbol": "WBD",
        "reportedCurrency": "USD",
        "cik": "0001437107",
        "fillingDate": "2021-02-22",
        "acceptedDate": "2021-02-22 15:46:53",
        "calendarYear": "2020",
        "period": "FY",
        "revenue": 10671000000,
        "costOfRevenue": 3860000000,
        "grossProfit": 6811000000,
        "grossProfitRatio": 0.638271952019492,
        "researchAndDevelopmentExpenses": 0,
        "generalAndAdministrativeExpenses": 0,
        "sellingAndMarketingExpenses": 0,
        "sellingGeneralAndAdministrativeExpenses": 2722000000,
        "otherExpenses": 1359000000,
        "operatingExpenses": 4081000000,
        "costAndExpenses": 7941000000,
        "interestIncome": 10000000,
        "interestExpense": 648000000,
        "depreciationAndAmortization": 4315000000,
        "ebitda": 6555000000,
        "ebitdaratio": 0.6142816980601631,
        "operatingIncome": 2515000000,
        "operatingIncomeRatio": 0.23568550276450193,
        "totalOtherIncomeExpensesNet": -787000000,
        "incomeBeforeTax": 1728000000,
        "incomeBeforeTaxRatio": 0.1619342142254709,
        "incomeTaxExpense": 373000000,
        "netIncome": 1219000000,
        "netIncomeRatio": 0.11423484209539875,
        "eps": 1.82,
        "epsdiluted": 1.81,
        "weightedAverageShsOut": 505000000,
        "weightedAverageShsOutDil": 672000000,
        "link": "https://www.sec.gov/Archives/edgar/data/1437107/000143710721000018/0001437107-21-000018-index.htm",
        "finalLink": "https://www.sec.gov/Archives/edgar/data/1437107/000143710721000018/disca-20201231.htm"
    },
    {
        "date": "2019-12-31",
        "symbol": "WBD",
        "reportedCurrency": "USD",
        "cik": "0001437107",
        "fillingDate": "2020-02-27",
        "acceptedDate": "2020-02-27 15:21:02",
        "calendarYear": "2019",
        "period": "FY",
        "revenue": 11144000000,
        "costOfRevenue": 3819000000,
        "grossProfit": 7325000000,
        "grossProfitRatio": 0.6573043790380474,
        "researchAndDevelopmentExpenses": 0,
        "generalAndAdministrativeExpenses": 0,
        "sellingAndMarketingExpenses": 0,
        "sellingGeneralAndAdministrativeExpenses": 2788000000,
        "otherExpenses": 1347000000,
        "operatingExpenses": 4135000000,
        "costAndExpenses": 7954000000,
        "interestIncome": 22000000,
        "interestExpense": 677000000,
        "depreciationAndAmortization": 4200000000,
        "ebitda": 7027000000,
        "ebitdaratio": 0.6305635319454415,
        "operatingIncome": 3009000000,
        "operatingIncomeRatio": 0.270010768126346,
        "totalOtherIncomeExpensesNet": -715000000,
        "incomeBeforeTax": 2294000000,
        "incomeBeforeTaxRatio": 0.20585068198133524,
        "incomeTaxExpense": 81000000,
        "netIncome": 2069000000,
        "netIncomeRatio": 0.18566044508255564,
        "eps": 2.9,
        "epsdiluted": 2.88,
        "weightedAverageShsOut": 529000000,
        "weightedAverageShsOutDil": 711000000,
        "link": "https://www.sec.gov/Archives/edgar/data/1437107/000143710720000006/0001437107-20-000006-index.htm",
        "finalLink": "https://www.sec.gov/Archives/edgar/data/1437107/000143710720000006/disca-2019123110kq4.htm"
    },
    {
        "date": "2018-12-31",
        "symbol": "WBD",
        "reportedCurrency": "USD",
        "cik": "0001437107",
        "fillingDate": "2019-03-01",
        "acceptedDate": "2019-03-01 12:46:38",
        "calendarYear": "2018",
        "period": "FY",
        "revenue": 10553000000,
        "costOfRevenue": 3935000000,
        "grossProfit": 6618000000,
        "grossProfitRatio": 0.6271202501658296,
        "researchAndDevelopmentExpenses": 0,
        "generalAndAdministrativeExpenses": 0,
        "sellingAndMarketingExpenses": 0,
        "sellingGeneralAndAdministrativeExpenses": 2620000000,
        "otherExpenses": 1398000000,
        "operatingExpenses": 4018000000,
        "costAndExpenses": 7953000000,
        "interestIncome": 15000000,
        "interestExpense": 729000000,
        "depreciationAndAmortization": 4686000000,
        "ebitda": 6350000000,
        "ebitdaratio": 0.601724628067848,
        "operatingIncome": 1934000000,
        "operatingIncomeRatio": 0.1832654221548375,
        "totalOtherIncomeExpensesNet": -912000000,
        "incomeBeforeTax": 1022000000,
        "incomeBeforeTaxRatio": 0.09684449919454184,
        "incomeTaxExpense": 341000000,
        "netIncome": 594000000,
        "netIncomeRatio": 0.0562873116649294,
        "eps": 0.86,
        "epsdiluted": 0.86,
        "weightedAverageShsOut": 498000000,
        "weightedAverageShsOutDil": 688000000,
        "link": "https://www.sec.gov/Archives/edgar/data/1437107/000143710719000013/0001437107-19-000013-index.htm",
        "finalLink": "https://www.sec.gov/Archives/edgar/data/1437107/000143710719000013/disca-2018123110k.htm"
    },
    {
        "date": "2017-12-31",
        "symbol": "WBD",
        "reportedCurrency": "USD",
        "cik": "0001437107",
        "fillingDate": "2018-02-28",
        "acceptedDate": "2018-02-28 15:11:15",
        "calendarYear": "2017",
        "period": "FY",
        "revenue": 6873000000,
        "costOfRevenue": 2656000000,
        "grossProfit": 4217000000,
        "grossProfitRatio": 0.6135603084533683,
        "researchAndDevelopmentExpenses": 0,
        "generalAndAdministrativeExpenses": 0,
        "sellingAndMarketingExpenses": 0,
        "sellingGeneralAndAdministrativeExpenses": 1768000000,
        "otherExpenses": 330000000,
        "operatingExpenses": 2098000000,
        "costAndExpenses": 4754000000,
        "interestIncome": 21000000,
        "interestExpense": 475000000,
        "depreciationAndAmortization": 2240000000,
        "ebitda": 2554000000,
        "ebitdaratio": 0.37159901062127165,
        "operatingIncome": 713000000,
        "operatingIncomeRatio": 0.10373926960570348,
        "totalOtherIncomeExpensesNet": -850000000,
        "incomeBeforeTax": -137000000,
        "incomeBeforeTaxRatio": -0.019933071438964063,
        "incomeTaxExpense": 176000000,
        "netIncome": -337000000,
        "netIncomeRatio": -0.049032445802415246,
        "eps": -0.59,
        "epsdiluted": -0.59,
        "weightedAverageShsOut": 384000000,
        "weightedAverageShsOutDil": 576000000,
        "link": "https://www.sec.gov/Archives/edgar/data/1437107/000143710718000028/0001437107-18-000028-index.htm",
        "finalLink": "https://www.sec.gov/Archives/edgar/data/1437107/000143710718000028/disca-2017123110k.htm"
    },
    {
        "date": "2016-12-31",
        "symbol": "WBD",
        "reportedCurrency": "USD",
        "cik": "0001437107",
        "fillingDate": "2017-02-14",
        "acceptedDate": "2017-02-14 15:02:00",
        "calendarYear": "2016",
        "period": "FY",
        "revenue": 6497000000,
        "costOfRevenue": 2432000000,
        "grossProfit": 4065000000,
        "grossProfitRatio": 0.625673387717408,
        "researchAndDevelopmentExpenses": 0,
        "generalAndAdministrativeExpenses": 0,
        "sellingAndMarketingExpenses": 0,
        "sellingGeneralAndAdministrativeExpenses": 1690000000,
        "otherExpenses": 322000000,
        "operatingExpenses": 2012000000,
        "costAndExpenses": 4444000000,
        "interestIncome": 0,
        "interestExpense": 353000000,
        "depreciationAndAmortization": 2095000000,
        "ebitda": 4095000000,
        "ebitdaratio": 0.6302909034939203,
        "operatingIncome": 2058000000,
        "operatingIncomeRatio": 0.3167615822687394,
        "totalOtherIncomeExpensesNet": -387000000,
        "incomeBeforeTax": 1671000000,
        "incomeBeforeTaxRatio": 0.2571956287517316,
        "incomeTaxExpense": 453000000,
        "netIncome": 1194000000,
        "netIncomeRatio": 0.18377712790518702,
        "eps": 1.97,
        "epsdiluted": 1.96,
        "weightedAverageShsOut": 401000000,
        "weightedAverageShsOutDil": 610000000,
        "link": "https://www.sec.gov/Archives/edgar/data/1437107/000143710717000007/0001437107-17-000007-index.htm",
        "finalLink": "https://www.sec.gov/Archives/edgar/data/1437107/000143710717000007/disca-2016123110k.htm"
    },
    {
        "date": "2015-12-31",
        "symbol": "WBD",
        "reportedCurrency": "USD",
        "cik": "0001437107",
        "fillingDate": "2016-02-18",
        "acceptedDate": "2016-02-18 14:14:17",
        "calendarYear": "2015",
        "period": "FY",
        "revenue": 6394000000,
        "costOfRevenue": 2343000000,
        "grossProfit": 4051000000,
        "grossProfitRatio": 0.633562715045355,
        "researchAndDevelopmentExpenses": 0,
        "generalAndAdministrativeExpenses": 0,
        "sellingAndMarketingExpenses": 0,
        "sellingGeneralAndAdministrativeExpenses": 1669000000,
        "otherExpenses": 330000000,
        "operatingExpenses": 1999000000,
        "costAndExpenses": 4342000000,
        "interestIncome": 0,
        "interestExpense": 330000000,
        "depreciationAndAmortization": 2039000000,
        "ebitda": 3914000000,
        "ebitdaratio": 0.6121363778542384,
        "operatingIncome": 1985000000,
        "operatingIncomeRatio": 0.3104472943384423,
        "totalOtherIncomeExpensesNet": -426000000,
        "incomeBeforeTax": 1559000000,
        "incomeBeforeTaxRatio": 0.24382233343759774,
        "incomeTaxExpense": 511000000,
        "netIncome": 1034000000,
        "netIncomeRatio": 0.16171410697528935,
        "eps": 1.59,
        "epsdiluted": 1.58,
        "weightedAverageShsOut": 432000000,
        "weightedAverageShsOutDil": 656000000,
        "link": "https://www.sec.gov/Archives/edgar/data/1437107/000143710716000059/0001437107-16-000059-index.htm",
        "finalLink": "https://www.sec.gov/Archives/edgar/data/1437107/000143710716000059/disca-2015123110k.htm"
    },
    {
        "date": "2014-12-31",
        "symbol": "WBD",
        "reportedCurrency": "USD",
        "cik": "0001437107",
        "fillingDate": "2015-02-19",
        "acceptedDate": "2015-02-19 14:02:39",
        "calendarYear": "2014",
        "period": "FY",
        "revenue": 6265000000,
        "costOfRevenue": 2124000000,
        "grossProfit": 4141000000,
        "grossProfitRatio": 0.6609736632083001,
        "researchAndDevelopmentExpenses": 0,
        "generalAndAdministrativeExpenses": 0,
        "sellingAndMarketingExpenses": 0,
        "sellingGeneralAndAdministrativeExpenses": 1692000000,
        "otherExpenses": 329000000,
        "operatingExpenses": 2021000000,
        "costAndExpenses": 4145000000,
        "interestIncome": 0,
        "interestExpense": 328000000,
        "depreciationAndAmortization": 1886000000,
        "ebitda": 3963000000,
        "ebitdaratio": 0.632561851556265,
        "operatingIncome": 2061000000,
        "operatingIncomeRatio": 0.3289704708699122,
        "totalOtherIncomeExpensesNet": -314000000,
        "incomeBeforeTax": 1747000000,
        "incomeBeforeTaxRatio": 0.27885075818036714,
        "incomeTaxExpense": 610000000,
        "netIncome": 1139000000,
        "netIncomeRatio": 0.18180367118914606,
        "eps": 1.67,
        "epsdiluted": 1.66,
        "weightedAverageShsOut": 454000000,
        "weightedAverageShsOutDil": 687000000,
        "link": "https://www.sec.gov/Archives/edgar/data/1437107/000143710715000004/0001437107-15-000004-index.htm",
        "finalLink": "https://www.sec.gov/Archives/edgar/data/1437107/000143710715000004/disca-2014123110k.htm"
    },
    {
        "date": "2013-12-31",
        "symbol": "WBD",
        "reportedCurrency": "USD",
        "cik": "0001437107",
        "fillingDate": "2014-02-20",
        "acceptedDate": "2014-02-20 16:18:34",
        "calendarYear": "2013",
        "period": "FY",
        "revenue": 5535000000,
        "costOfRevenue": 1689000000,
        "grossProfit": 3846000000,
        "grossProfitRatio": 0.6948509485094851,
        "researchAndDevelopmentExpenses": 0,
        "generalAndAdministrativeExpenses": 0,
        "sellingAndMarketingExpenses": 0,
        "sellingGeneralAndAdministrativeExpenses": 1575000000,
        "otherExpenses": 276000000,
        "operatingExpenses": 1851000000,
        "costAndExpenses": 3540000000,
        "interestIncome": 0,
        "interestExpense": 306000000,
        "depreciationAndAmortization": 1466000000,
        "ebitda": 3506000000,
        "ebitdaratio": 0.633423667570009,
        "operatingIncome": 1998000000,
        "operatingIncomeRatio": 0.36097560975609755,
        "totalOtherIncomeExpensesNet": -262000000,
        "incomeBeforeTax": 1736000000,
        "incomeBeforeTaxRatio": 0.3136404697380307,
        "incomeTaxExpense": 659000000,
        "netIncome": 1075000000,
        "netIncomeRatio": 0.1942186088527552,
        "eps": 1.505,
        "epsdiluted": 1.485,
        "weightedAverageShsOut": 330950000,
        "weightedAverageShsOutDil": 722000000,
        "link": "https://www.sec.gov/Archives/edgar/data/1437107/000143710714000016/0001437107-14-000016-index.htm",
        "finalLink": "https://www.sec.gov/Archives/edgar/data/1437107/000143710714000016/disca-2013123110k.htm"
    },
    {
        "date": "2012-12-31",
        "symbol": "WBD",
        "reportedCurrency": "USD",
        "cik": "0001437107",
        "fillingDate": "2013-02-14",
        "acceptedDate": "2013-02-14 15:41:21",
        "calendarYear": "2012",
        "period": "FY",
        "revenue": 4487000000,
        "costOfRevenue": 1218000000,
        "grossProfit": 3269000000,
        "grossProfitRatio": 0.7285491419656787,
        "researchAndDevelopmentExpenses": 0,
        "generalAndAdministrativeExpenses": 0,
        "sellingAndMarketingExpenses": 0,
        "sellingGeneralAndAdministrativeExpenses": 1291000000,
        "otherExpenses": 117000000,
        "operatingExpenses": 1408000000,
        "costAndExpenses": 2626000000,
        "interestIncome": 0,
        "interestExpense": 248000000,
        "depreciationAndAmortization": 982000000,
        "ebitda": 2735000000,
        "ebitdaratio": 0.6095386672609762,
        "operatingIncome": 1855000000,
        "operatingIncomeRatio": 0.41341653666146644,
        "totalOtherIncomeExpensesNet": -337000000,
        "incomeBeforeTax": 1518000000,
        "incomeBeforeTaxRatio": 0.3383106752841542,
        "incomeTaxExpense": 562000000,
        "netIncome": 943000000,
        "netIncomeRatio": 0.2101626922219746,
        "eps": 1.255,
        "epsdiluted": 1.24,
        "weightedAverageShsOut": 348925000,
        "weightedAverageShsOutDil": 760000000,
        "link": "https://www.sec.gov/Archives/edgar/data/1437107/000143710713000008/0001437107-13-000008-index.htm",
        "finalLink": "https://www.sec.gov/Archives/edgar/data/1437107/000143710713000008/disca-2012123110k1.htm"
    },
    {
        "date": "2011-12-31",
        "symbol": "WBD",
        "reportedCurrency": "USD",
        "cik": "0001437107",
        "fillingDate": "2012-02-17",
        "acceptedDate": "2012-02-17 07:44:19",
        "calendarYear": "2011",
        "period": "FY",
        "revenue": 4235000000,
        "costOfRevenue": 1233000000,
        "grossProfit": 3002000000,
        "grossProfitRatio": 0.7088547815820543,
        "researchAndDevelopmentExpenses": 0,
        "generalAndAdministrativeExpenses": 0,
        "sellingAndMarketingExpenses": 0,
        "sellingGeneralAndAdministrativeExpenses": 1183000000,
        "otherExpenses": 119000000,
        "operatingExpenses": 1302000000,
        "costAndExpenses": 2535000000,
        "interestIncome": 0,
        "interestExpense": 208000000,
        "depreciationAndAmortization": 965000000,
        "ebitda": 2730000000,
        "ebitdaratio": 0.6446280991735537,
        "operatingIncome": 1799000000,
        "operatingIncomeRatio": 0.42479338842975206,
        "totalOtherIncomeExpensesNet": -240000000,
        "incomeBeforeTax": 1559000000,
        "incomeBeforeTaxRatio": 0.3681227863046045,
        "incomeTaxExpense": 425000000,
        "netIncome": 1132000000,
        "netIncomeRatio": 0.26729634002361274,
        "eps": 1.41,
        "epsdiluted": 1.4,
        "weightedAverageShsOut": 529125000,
        "weightedAverageShsOutDil": 810000000,
        "link": "https://www.sec.gov/Archives/edgar/data/1437107/000119312512066285/0001193125-12-066285-index.htm",
        "finalLink": "https://www.sec.gov/Archives/edgar/data/1437107/000119312512066285/d226513d10k.htm"
    },
    {
        "date": "2010-12-31",
        "symbol": "WBD",
        "reportedCurrency": "USD",
        "cik": "0001437107",
        "fillingDate": "2011-02-18",
        "acceptedDate": "2011-02-18 16:53:49",
        "calendarYear": "2010",
        "period": "FY",
        "revenue": 3773000000,
        "costOfRevenue": 1073000000,
        "grossProfit": 2700000000,
        "grossProfitRatio": 0.7156109196925523,
        "researchAndDevelopmentExpenses": 0,
        "generalAndAdministrativeExpenses": 0,
        "sellingAndMarketingExpenses": 0,
        "sellingGeneralAndAdministrativeExpenses": 1185000000,
        "otherExpenses": 130000000,
        "operatingExpenses": 1315000000,
        "costAndExpenses": 2388000000,
        "interestIncome": 0,
        "interestExpense": 203000000,
        "depreciationAndAmortization": 132000000,
        "ebitda": 1276000000,
        "ebitdaratio": 0.33819241982507287,
        "operatingIncome": 1360000000,
        "operatingIncomeRatio": 0.36045587065995227,
        "totalOtherIncomeExpensesNet": -425000000,
        "incomeBeforeTax": 935000000,
        "incomeBeforeTaxRatio": 0.2478134110787172,
        "incomeTaxExpense": 288000000,
        "netIncome": 653000000,
        "netIncomeRatio": 0.1730718261330506,
        "eps": 0.78,
        "epsdiluted": 0.775,
        "weightedAverageShsOut": 569440000,
        "weightedAverageShsOutDil": 858000000,
        "link": "https://www.sec.gov/Archives/edgar/data/1437107/000119312511040418/0001193125-11-040418-index.htm",
        "finalLink": "https://www.sec.gov/Archives/edgar/data/1437107/000119312511040418/d10k.htm"
    },
    {
        "date": "2009-12-31",
        "symbol": "WBD",
        "reportedCurrency": "USD",
        "cik": "0001437107",
        "fillingDate": "2010-02-22",
        "acceptedDate": "2010-02-22 09:30:17",
        "calendarYear": "2009",
        "period": "FY",
        "revenue": 3516000000,
        "costOfRevenue": 1065000000,
        "grossProfit": 2451000000,
        "grossProfitRatio": 0.697098976109215,
        "researchAndDevelopmentExpenses": 0,
        "generalAndAdministrativeExpenses": 0,
        "sellingAndMarketingExpenses": 0,
        "sellingGeneralAndAdministrativeExpenses": 1247000000,
        "otherExpenses": -97000000,
        "operatingExpenses": 1150000000,
        "costAndExpenses": 2215000000,
        "interestIncome": 0,
        "interestExpense": -250000000,
        "depreciationAndAmortization": 155000000,
        "ebitda": 937000000,
        "ebitdaratio": 0.26649601820250285,
        "operatingIncome": 1235000000,
        "operatingIncomeRatio": 0.3512514220705347,
        "totalOtherIncomeExpensesNet": -204000000,
        "incomeBeforeTax": 1031000000,
        "incomeBeforeTaxRatio": 0.29323094425483504,
        "incomeTaxExpense": 472000000,
        "netIncome": 560000000,
        "netIncomeRatio": 0.15927189988623436,
        "eps": 0.65,
        "epsdiluted": 0.65,
        "weightedAverageShsOut": 564945732,
        "weightedAverageShsOutDil": 850000000,
        "link": "https://www.sec.gov/Archives/edgar/data/1437107/000119312510035850/0001193125-10-035850-index.htm",
        "finalLink": "https://www.sec.gov/Archives/edgar/data/1437107/000119312510035850/d10k.htm"
    },
    {
        "date": "2008-12-31",
        "symbol": "WBD",
        "reportedCurrency": "USD",
        "cik": "0001437107",
        "fillingDate": "2009-02-26",
        "acceptedDate": "2009-02-25 17:48:58",
        "calendarYear": "2008",
        "period": "FY",
        "revenue": 3443000000,
        "costOfRevenue": 1024000000,
        "grossProfit": 2419000000,
        "grossProfitRatio": 0.7025849549811212,
        "researchAndDevelopmentExpenses": 0,
        "generalAndAdministrativeExpenses": 0,
        "sellingAndMarketingExpenses": 0,
        "sellingGeneralAndAdministrativeExpenses": 1115000000,
        "otherExpenses": 216000000,
        "operatingExpenses": 1331000000,
        "costAndExpenses": 2355000000,
        "interestIncome": 0,
        "interestExpense": 0,
        "depreciationAndAmortization": 232000000,
        "ebitda": 901000000,
        "ebitdaratio": 0.26169038629102526,
        "operatingIncome": 1057000000,
        "operatingIncomeRatio": 0.3069997095556201,
        "totalOtherIncomeExpensesNet": -303000000,
        "incomeBeforeTax": 754000000,
        "incomeBeforeTaxRatio": 0.21899506244554168,
        "incomeTaxExpense": 352000000,
        "netIncome": 317000000,
        "netIncomeRatio": 0.0920708684286959,
        "eps": 0.495,
        "epsdiluted": 0.49,
        "weightedAverageShsOut": 562447947,
        "weightedAverageShsOutDil": 644000000,
        "link": "https://www.sec.gov/Archives/edgar/data/1437107/000095013309000442/0000950133-09-000442-index.htm",
        "finalLink": "https://www.sec.gov/Archives/edgar/data/1437107/000095013309000442/w72867e10vk.htm"
    },
    {
        "date": "2007-12-31",
        "symbol": "WBD",
        "reportedCurrency": "USD",
        "cik": "0001437107",
        "fillingDate": "2007-12-31",
        "acceptedDate": "2007-12-30 19:00:00",
        "calendarYear": "2007",
        "period": "FY",
        "revenue": 707214000,
        "costOfRevenue": 491034000,
        "grossProfit": 216180000,
        "grossProfitRatio": 0.3056783378157107,
        "researchAndDevelopmentExpenses": 0,
        "generalAndAdministrativeExpenses": 0,
        "sellingAndMarketingExpenses": 0,
        "sellingGeneralAndAdministrativeExpenses": 150687000,
        "otherExpenses": 232375000,
        "operatingExpenses": 383062000,
        "costAndExpenses": 874096000,
        "interestIncome": 0,
        "interestExpense": 0,
        "depreciationAndAmortization": 67732000,
        "ebitda": 58497000,
        "ebitdaratio": 0.08271470870203361,
        "operatingIncome": -167643000,
        "operatingIncomeRatio": -0.23704706071995182,
        "totalOtherIncomeExpensesNet": 158408000,
        "incomeBeforeTax": -9235000,
        "incomeBeforeTaxRatio": -0.013058282217263798,
        "incomeTaxExpense": 59157000,
        "netIncome": -68392000,
        "netIncomeRatio": -0.0967062303630867,
        "eps": -0.12,
        "epsdiluted": -0.12,
        "weightedAverageShsOut": 561193146,
        "weightedAverageShsOutDil": 0,
        "link": "",
        "finalLink": ""
    },
    {
        "date": "2006-12-31",
        "symbol": "WBD",
        "reportedCurrency": "USD",
        "cik": "0001437107",
        "fillingDate": "2006-12-31",
        "acceptedDate": "2006-12-30 19:00:00",
        "calendarYear": "2006",
        "period": "FY",
        "revenue": 688087000,
        "costOfRevenue": 454482000,
        "grossProfit": 233605000,
        "grossProfitRatio": 0.3394992203020839,
        "researchAndDevelopmentExpenses": 0,
        "generalAndAdministrativeExpenses": 0,
        "sellingAndMarketingExpenses": 0,
        "sellingGeneralAndAdministrativeExpenses": 177366000,
        "otherExpenses": 159284000,
        "operatingExpenses": 336650000,
        "costAndExpenses": 791132000,
        "interestIncome": 0,
        "interestExpense": 0,
        "depreciationAndAmortization": 67929000,
        "ebitda": 65861000,
        "ebitdaratio": 0.09571609404043384,
        "operatingIncome": -115137000,
        "operatingIncomeRatio": -0.16732913134530952,
        "totalOtherIncomeExpensesNet": 113069000,
        "incomeBeforeTax": -2068000,
        "incomeBeforeTaxRatio": -0.003005433905886901,
        "incomeTaxExpense": 43942000,
        "netIncome": -46010000,
        "netIncomeRatio": -0.06686654449219358,
        "eps": -0.08,
        "epsdiluted": -0.08,
        "weightedAverageShsOut": 560407076,
        "weightedAverageShsOutDil": 0,
        "link": "",
        "finalLink": ""
    },
    {
        "date": "2005-12-31",
        "symbol": "WBD",
        "reportedCurrency": "USD",
        "cik": "0001437107",
        "fillingDate": "2005-12-31",
        "acceptedDate": "2005-12-30 19:00:00",
        "calendarYear": "2005",
        "period": "FY",
        "revenue": 694509000,
        "costOfRevenue": 445839000,
        "grossProfit": 248670000,
        "grossProfitRatio": 0.35805151553111625,
        "researchAndDevelopmentExpenses": 0,
        "generalAndAdministrativeExpenses": 0,
        "sellingAndMarketingExpenses": 0,
        "sellingGeneralAndAdministrativeExpenses": 170045000,
        "otherExpenses": 75915000,
        "operatingExpenses": 245960000,
        "costAndExpenses": 691799000,
        "interestIncome": 0,
        "interestExpense": 0,
        "depreciationAndAmortization": 76377000,
        "ebitda": 158489000,
        "ebitdaratio": 0.22820294625411622,
        "operatingIncome": -1402000,
        "operatingIncomeRatio": -0.0020186923423598543,
        "totalOtherIncomeExpensesNet": 83514000,
        "incomeBeforeTax": 82112000,
        "incomeBeforeTaxRatio": 0.11823028931230553,
        "incomeTaxExpense": 48836000,
        "netIncome": 33276000,
        "netIncomeRatio": 0.04791298600882062,
        "eps": 0.06,
        "epsdiluted": 0.06,
        "weightedAverageShsOut": 560407076,
        "weightedAverageShsOutDil": 560398000,
        "link": "",
        "finalLink": ""
    },
    {
        "date": "2004-12-31",
        "symbol": "WBD",
        "reportedCurrency": "USD",
        "cik": "0001437107",
        "fillingDate": "2004-12-31",
        "acceptedDate": "2004-12-30 19:00:00",
        "calendarYear": "2004",
        "period": "FY",
        "revenue": 631215000,
        "costOfRevenue": 380290000,
        "grossProfit": 250925000,
        "grossProfitRatio": 0.39752699159557364,
        "researchAndDevelopmentExpenses": 0,
        "generalAndAdministrativeExpenses": 0,
        "sellingAndMarketingExpenses": 0,
        "sellingGeneralAndAdministrativeExpenses": 153559000,
        "otherExpenses": 80431000,
        "operatingExpenses": 233990000,
        "costAndExpenses": 614280000,
        "interestIncome": 0,
        "interestExpense": 0,
        "depreciationAndAmortization": 77605000,
        "ebitda": 178683000,
        "ebitdaratio": 0.28307787362467624,
        "operatingIncome": 16935000,
        "operatingIncomeRatio": 0.026829210332454077,
        "totalOtherIncomeExpensesNet": 84143000,
        "incomeBeforeTax": 101078000,
        "incomeBeforeTaxRatio": 0.16013244298693788,
        "incomeTaxExpense": 34970000,
        "netIncome": 66108000,
        "netIncomeRatio": 0.10473135144126804,
        "eps": 0.12,
        "epsdiluted": 0.12,
        "weightedAverageShsOut": 560407076,
        "weightedAverageShsOutDil": 560398000,
        "link": "",
        "finalLink": ""
    },
    {
        "date": "2003-12-31",
        "symbol": "WBD",
        "reportedCurrency": "USD",
        "cik": "0001437107",
        "fillingDate": "2003-12-31",
        "acceptedDate": "2003-12-30 19:00:00",
        "calendarYear": "2003",
        "period": "FY",
        "revenue": 506103000,
        "costOfRevenue": 301005000,
        "grossProfit": 205098000,
        "grossProfitRatio": 0.4052495243063171,
        "researchAndDevelopmentExpenses": 0,
        "generalAndAdministrativeExpenses": 0,
        "sellingAndMarketingExpenses": 0,
        "sellingGeneralAndAdministrativeExpenses": 130336000,
        "otherExpenses": 73690000,
        "operatingExpenses": 204026000,
        "costAndExpenses": 505031000,
        "interestIncome": 0,
        "interestExpense": 47489000,
        "depreciationAndAmortization": 70526000,
        "ebitda": 85777000,
        "ebitdaratio": 0.1694852628812712,
        "operatingIncome": -2404000,
        "operatingIncomeRatio": -0.004750021240735582,
        "totalOtherIncomeExpensesNet": -32086000,
        "incomeBeforeTax": -34490000,
        "incomeBeforeTaxRatio": -0.06814818327494601,
        "incomeTaxExpense": 20156000,
        "netIncome": -52394000,
        "netIncomeRatio": -0.10352438140062398,
        "eps": -0.095,
        "epsdiluted": -0.095,
        "weightedAverageShsOut": 560407076,
        "weightedAverageShsOutDil": 560398000,
        "link": "",
        "finalLink": ""
    },
    {
        "date": "2002-12-31",
        "symbol": "WBD",
        "reportedCurrency": "USD",
        "cik": "0001437107",
        "fillingDate": "2002-12-31",
        "acceptedDate": "2002-12-30 19:00:00",
        "calendarYear": "2002",
        "period": "FY",
        "revenue": 539333000,
        "costOfRevenue": 0,
        "grossProfit": 0,
        "grossProfitRatio": 0,
        "researchAndDevelopmentExpenses": 0,
        "generalAndAdministrativeExpenses": 0,
        "sellingAndMarketingExpenses": 0,
        "sellingGeneralAndAdministrativeExpenses": 0,
        "otherExpenses": 0,
        "operatingExpenses": 0,
        "costAndExpenses": 0,
        "interestIncome": 0,
        "interestExpense": 0,
        "depreciationAndAmortization": 0,
        "ebitda": -129275000,
        "ebitdaratio": -0.23969421489135653,
        "operatingIncome": -61452000,
        "operatingIncomeRatio": -0.1139407379114573,
        "totalOtherIncomeExpensesNet": 0,
        "incomeBeforeTax": 0,
        "incomeBeforeTaxRatio": 0,
        "incomeTaxExpense": 0,
        "netIncome": -129275000,
        "netIncomeRatio": -0.23969421489135653,
        "eps": -0.23,
        "epsdiluted": -0.23,
        "weightedAverageShsOut": 560407076,
        "weightedAverageShsOutDil": 560398000,
        "link": "",
        "finalLink": ""
    },
    {
        "date": "2001-12-31",
        "symbol": "WBD",
        "reportedCurrency": "USD",
        "cik": "0001437107",
        "fillingDate": "2001-12-31",
        "acceptedDate": "2001-12-30 19:00:00",
        "calendarYear": "2001",
        "period": "FY",
        "revenue": 592732000,
        "costOfRevenue": 0,
        "grossProfit": 0,
        "grossProfitRatio": 0,
        "researchAndDevelopmentExpenses": 0,
        "generalAndAdministrativeExpenses": 0,
        "sellingAndMarketingExpenses": 0,
        "sellingGeneralAndAdministrativeExpenses": 0,
        "otherExpenses": 943360000,
        "operatingExpenses": 943360000,
        "costAndExpenses": 943360000,
        "interestIncome": 0,
        "interestExpense": 0,
        "depreciationAndAmortization": 0,
        "ebitda": -608261000,
        "ebitdaratio": -1.0261990241795618,
        "operatingIncome": -350628000,
        "operatingIncomeRatio": -0.5915455889002112,
        "totalOtherIncomeExpensesNet": 0,
        "incomeBeforeTax": 0,
        "incomeBeforeTaxRatio": 0,
        "incomeTaxExpense": 0,
        "netIncome": -608261000,
        "netIncomeRatio": -1.0261990241795618,
        "eps": -1.085,
        "epsdiluted": -1.085,
        "weightedAverageShsOut": 560407076,
        "weightedAverageShsOutDil": 560398000,
        "link": "",
        "finalLink": ""
    },
    {
        "date": "2000-12-31",
        "symbol": "WBD",
        "reportedCurrency": "USD",
        "cik": "0001437107",
        "fillingDate": "2000-12-31",
        "acceptedDate": "2000-12-30 19:00:00",
        "calendarYear": "2000",
        "period": "FY",
        "revenue": 295717000,
        "costOfRevenue": 0,
        "grossProfit": 0,
        "grossProfitRatio": 0,
        "researchAndDevelopmentExpenses": 0,
        "generalAndAdministrativeExpenses": 0,
        "sellingAndMarketingExpenses": 0,
        "sellingGeneralAndAdministrativeExpenses": 0,
        "otherExpenses": 0,
        "operatingExpenses": 0,
        "costAndExpenses": 0,
        "interestIncome": 0,
        "interestExpense": 0,
        "depreciationAndAmortization": 0,
        "ebitda": -303757000,
        "ebitdaratio": -1.0271881562439764,
        "operatingIncome": -62209000,
        "operatingIncomeRatio": -0.21036666813203164,
        "totalOtherIncomeExpensesNet": 0,
        "incomeBeforeTax": 0,
        "incomeBeforeTaxRatio": 0,
        "incomeTaxExpense": 0,
        "netIncome": -303757000,
        "netIncomeRatio": -1.0271881562439764,
        "eps": -0.54203,
        "epsdiluted": -0.54204,
        "weightedAverageShsOut": 560407076,
        "weightedAverageShsOutDil": 560398000,
        "link": "",
        "finalLink": ""
    }
]