[
  {
    "date": "2022-07-01",
    "symbol": "WDC",
    "reportedCurrency": "USD",
    "cik": "0000106040",
    "fillingDate": "2022-08-25",
    "acceptedDate": "2022-08-24 20:22:12",
    "calendarYear": "2022",
    "period": "FY",
    "revenue": 18793000000,
    "costOfRevenue": 12919000000,
    "grossProfit": 5874000000,
    "grossProfitRatio": 0.31256318842122066,
    "researchAndDevelopmentExpenses": 2323000000,
    "generalAndAdministrativeExpenses": 0,
    "sellingAndMarketingExpenses": 0,
    "sellingGeneralAndAdministrativeExpenses": 1117000000,
    "otherExpenses": 43000000,
    "operatingExpenses": 3483000000,
    "costAndExpenses": 16402000000,
    "interestIncome": 6000000,
    "interestExpense": 268000000,
    "depreciationAndAmortization": 929000000,
    "ebitda": 3320000000,
    "ebitdaratio": 0.17666152290746553,
    "operatingIncome": 2391000000,
    "operatingIncomeRatio": 0.12722822327462352,
    "totalOtherIncomeExpensesNet": -268000000,
    "incomeBeforeTax": 2123000000,
    "incomeBeforeTaxRatio": 0.11296759431703293,
    "incomeTaxExpense": 623000000,
    "netIncome": 1500000000,
    "netIncomeRatio": 0.07981695312084287,
    "eps": 4.81,
    "epsdiluted": 4.75,
    "weightedAverageShsOut": 312000000,
    "weightedAverageShsOutDil": 316000000,
    "link": "https://www.sec.gov/Archives/edgar/data/106040/000010604022000055/0000106040-22-000055-index.htm",
    "finalLink": "https://www.sec.gov/Archives/edgar/data/106040/000010604022000055/wdc-20220701.htm"
  },
  {
    "date": "2021-07-02",
    "symbol": "WDC",
    "reportedCurrency": "USD",
    "cik": "0000106040",
    "fillingDate": "2021-08-27",
    "acceptedDate": "2021-08-26 20:29:30",
    "calendarYear": "2021",
    "period": "FY",
    "revenue": 16922000000,
    "costOfRevenue": 12401000000,
    "grossProfit": 4521000000,
    "grossProfitRatio": 0.2671670015364614,
    "researchAndDevelopmentExpenses": 2243000000,
    "generalAndAdministrativeExpenses": 0,
    "sellingAndMarketingExpenses": 0,
    "sellingGeneralAndAdministrativeExpenses": 1105000000,
    "otherExpenses": 0,
    "operatingExpenses": 3348000000,
    "costAndExpenses": 15749000000,
    "interestIncome": 7000000,
    "interestExpense": 326000000,
    "depreciationAndAmortization": 1212000000,
    "ebitda": 2465000000,
    "ebitdaratio": 0.1456683607138636,
    "operatingIncome": 1220000000,
    "operatingIncomeRatio": 0.07209549698617185,
    "totalOtherIncomeExpensesNet": -293000000,
    "incomeBeforeTax": 927000000,
    "incomeBeforeTaxRatio": 0.05478075877555844,
    "incomeTaxExpense": 106000000,
    "netIncome": 821000000,
    "netIncomeRatio": 0.048516723791514005,
    "eps": 2.69,
    "epsdiluted": 2.66,
    "weightedAverageShsOut": 305000000,
    "weightedAverageShsOutDil": 309000000,
    "link": "https://www.sec.gov/Archives/edgar/data/106040/000010604021000040/0000106040-21-000040-index.htm",
    "finalLink": "https://www.sec.gov/Archives/edgar/data/106040/000010604021000040/wdc-20210702.htm"
  },
  {
    "date": "2020-07-03",
    "symbol": "WDC",
    "reportedCurrency": "USD",
    "cik": "0000106040",
    "fillingDate": "2020-08-28",
    "acceptedDate": "2020-08-27 21:53:38",
    "calendarYear": "2020",
    "period": "FY",
    "revenue": 16736000000,
    "costOfRevenue": 12887000000,
    "grossProfit": 3849000000,
    "grossProfitRatio": 0.22998326959847037,
    "researchAndDevelopmentExpenses": 2261000000,
    "generalAndAdministrativeExpenses": 1153000000,
    "sellingAndMarketingExpenses": 0,
    "sellingGeneralAndAdministrativeExpenses": 1153000000,
    "otherExpenses": 100000000,
    "operatingExpenses": 3514000000,
    "costAndExpenses": 16401000000,
    "interestIncome": 28000000,
    "interestExpense": -381000000,
    "depreciationAndAmortization": 1566000000,
    "ebitda": 1139000000,
    "ebitdaratio": 0.06805688336520077,
    "operatingIncome": 335000000,
    "operatingIncomeRatio": 0.020016730401529636,
    "totalOtherIncomeExpensesNet": -381000000,
    "incomeBeforeTax": -46000000,
    "incomeBeforeTaxRatio": -0.002748565965583174,
    "incomeTaxExpense": 204000000,
    "netIncome": -250000000,
    "netIncomeRatio": -0.014937858508604206,
    "eps": -0.84,
    "epsdiluted": -0.84,
    "weightedAverageShsOut": 298000000,
    "weightedAverageShsOutDil": 298000000,
    "link": "https://www.sec.gov/Archives/edgar/data/106040/000010604020000049/0000106040-20-000049-index.htm",
    "finalLink": "https://www.sec.gov/Archives/edgar/data/106040/000010604020000049/wdc-20200703.htm"
  },
  {
    "date": "2019-06-28",
    "symbol": "WDC",
    "reportedCurrency": "USD",
    "cik": "0000106040",
    "fillingDate": "2019-08-27",
    "acceptedDate": "2019-08-27 14:53:35",
    "calendarYear": "2019",
    "period": "FY",
    "revenue": 16569000000,
    "costOfRevenue": 12672000000,
    "grossProfit": 3897000000,
    "grossProfitRatio": 0.2351982618142314,
    "researchAndDevelopmentExpenses": 2182000000,
    "generalAndAdministrativeExpenses": 1317000000,
    "sellingAndMarketingExpenses": 0,
    "sellingGeneralAndAdministrativeExpenses": 1317000000,
    "otherExpenses": 311000000,
    "operatingExpenses": 3810000000,
    "costAndExpenses": 16482000000,
    "interestIncome": 57000000,
    "interestExpense": 469000000,
    "depreciationAndAmortization": 1812000000,
    "ebitda": 1994000000,
    "ebitdaratio": 0.12034522300681996,
    "operatingIncome": 87000000,
    "operatingIncomeRatio": 0.005250769509324642,
    "totalOtherIncomeExpensesNet": -374000000,
    "incomeBeforeTax": -287000000,
    "incomeBeforeTaxRatio": -0.017321504013519222,
    "incomeTaxExpense": 467000000,
    "netIncome": -754000000,
    "netIncomeRatio": -0.04550666908081357,
    "eps": -2.58,
    "epsdiluted": -2.58,
    "weightedAverageShsOut": 292000000,
    "weightedAverageShsOutDil": 292000000,
    "link": "https://www.sec.gov/Archives/edgar/data/106040/000010604019000058/wdc-2019q410xkdoc.htm",
    "finalLink": "https://www.sec.gov/Archives/edgar/data/106040/000010604019000058/wdc-2019q410xkdoc.htm"
  },
  {
    "date": "2018-06-29",
    "symbol": "WDC",
    "reportedCurrency": "USD",
    "cik": "0000106040",
    "fillingDate": "2018-08-24",
    "acceptedDate": "2018-08-24 16:45:52",
    "calendarYear": "2018",
    "period": "FY",
    "revenue": 20647000000,
    "costOfRevenue": 12942000000,
    "grossProfit": 7705000000,
    "grossProfitRatio": 0.37317770136097256,
    "researchAndDevelopmentExpenses": 2402000000,
    "generalAndAdministrativeExpenses": 1473000000,
    "sellingAndMarketingExpenses": 0,
    "sellingGeneralAndAdministrativeExpenses": 1473000000,
    "otherExpenses": 213000000,
    "operatingExpenses": 4088000000,
    "costAndExpenses": 17030000000,
    "interestIncome": 60000000,
    "interestExpense": 676000000,
    "depreciationAndAmortization": 2056000000,
    "ebitda": 4817000000,
    "ebitdaratio": 0.23330265898193442,
    "operatingIncome": 3617000000,
    "operatingIncomeRatio": 0.175182835278733,
    "totalOtherIncomeExpensesNet": -1532000000,
    "incomeBeforeTax": 2085000000,
    "incomeBeforeTaxRatio": 0.1009831936843125,
    "incomeTaxExpense": 1410000000,
    "netIncome": 675000000,
    "netIncomeRatio": 0.032692400833050805,
    "eps": 2.27,
    "epsdiluted": 2.2,
    "weightedAverageShsOut": 297000000,
    "weightedAverageShsOutDil": 307000000,
    "link": "https://www.sec.gov/Archives/edgar/data/106040/000010604018000029/0000106040-18-000029-index.html",
    "finalLink": "https://www.sec.gov/Archives/edgar/data/106040/000010604018000029/wdc-2018q410xkdoc.htm"
  },
  {
    "date": "2017-06-30",
    "symbol": "WDC",
    "reportedCurrency": "USD",
    "cik": "0000106040",
    "fillingDate": "2017-08-29",
    "acceptedDate": "2017-08-28 21:32:48",
    "calendarYear": "2017",
    "period": "FY",
    "revenue": 19093000000,
    "costOfRevenue": 13021000000,
    "grossProfit": 6072000000,
    "grossProfitRatio": 0.31802231184203633,
    "researchAndDevelopmentExpenses": 2441000000,
    "generalAndAdministrativeExpenses": 1445000000,
    "sellingAndMarketingExpenses": 0,
    "sellingGeneralAndAdministrativeExpenses": 1445000000,
    "otherExpenses": 0,
    "operatingExpenses": 3886000000,
    "costAndExpenses": 16907000000,
    "interestIncome": 26000000,
    "interestExpense": 847000000,
    "depreciationAndAmortization": 2128000000,
    "ebitda": 3744000000,
    "ebitdaratio": 0.19609280888283664,
    "operatingIncome": 1954000000,
    "operatingIncomeRatio": 0.10234117215733515,
    "totalOtherIncomeExpensesNet": -1185000000,
    "incomeBeforeTax": 769000000,
    "incomeBeforeTaxRatio": 0.0402765411407322,
    "incomeTaxExpense": 372000000,
    "netIncome": 397000000,
    "netIncomeRatio": 0.02079296077096318,
    "eps": 1.38,
    "epsdiluted": 1.34,
    "weightedAverageShsOut": 288000000,
    "weightedAverageShsOutDil": 296000000,
    "link": "https://www.sec.gov/Archives/edgar/data/106040/000010604017000027/0000106040-17-000027-index.html",
    "finalLink": "https://www.sec.gov/Archives/edgar/data/106040/000010604017000027/wdc-2017q410xkxdoc.htm"
  },
  {
    "date": "2016-07-01",
    "symbol": "WDC",
    "reportedCurrency": "USD",
    "cik": "0000106040",
    "fillingDate": "2016-08-29",
    "acceptedDate": "2016-08-26 21:44:04",
    "calendarYear": "2016",
    "period": "FY",
    "revenue": 12994000000,
    "costOfRevenue": 9559000000,
    "grossProfit": 3435000000,
    "grossProfitRatio": 0.26435277820532554,
    "researchAndDevelopmentExpenses": 1613000000,
    "generalAndAdministrativeExpenses": 997000000,
    "sellingAndMarketingExpenses": 0,
    "sellingGeneralAndAdministrativeExpenses": 997000000,
    "otherExpenses": 359000000,
    "operatingExpenses": 2969000000,
    "costAndExpenses": 12528000000,
    "interestIncome": 26000000,
    "interestExpense": 266000000,
    "depreciationAndAmortization": 1154000000,
    "ebitda": 1573000000,
    "ebitdaratio": 0.1210558719408958,
    "operatingIncome": 466000000,
    "operatingIncomeRatio": 0.03586270586424504,
    "totalOtherIncomeExpensesNet": -313000000,
    "incomeBeforeTax": 153000000,
    "incomeBeforeTaxRatio": 0.011774665230106203,
    "incomeTaxExpense": -89000000,
    "netIncome": 242000000,
    "netIncomeRatio": 0.018623980298599352,
    "eps": 1.01,
    "epsdiluted": 1,
    "weightedAverageShsOut": 239000000,
    "weightedAverageShsOutDil": 242000000,
    "link": "https://www.sec.gov/Archives/edgar/data/106040/000010604016000033/wdc-7116x10k.htm",
    "finalLink": "https://www.sec.gov/Archives/edgar/data/106040/000010604016000033/wdc-7116x10k.htm"
  },
  {
    "date": "2015-07-03",
    "symbol": "WDC",
    "reportedCurrency": "USD",
    "cik": "0000106040",
    "fillingDate": "2015-08-21",
    "acceptedDate": "2015-08-21 17:13:13",
    "calendarYear": "2015",
    "period": "FY",
    "revenue": 14572000000,
    "costOfRevenue": 10351000000,
    "grossProfit": 4221000000,
    "grossProfitRatio": 0.2896651111721109,
    "researchAndDevelopmentExpenses": 1646000000,
    "generalAndAdministrativeExpenses": 773000000,
    "sellingAndMarketingExpenses": 0,
    "sellingGeneralAndAdministrativeExpenses": 773000000,
    "otherExpenses": 191000000,
    "operatingExpenses": 2610000000,
    "costAndExpenses": 12961000000,
    "interestIncome": 15000000,
    "interestExpense": -34000000,
    "depreciationAndAmortization": 1114000000,
    "ebitda": 2657000000,
    "ebitdaratio": 0.18233598682404611,
    "operatingIncome": 1611000000,
    "operatingIncomeRatio": 0.11055448805929179,
    "totalOtherIncomeExpensesNet": -34000000,
    "incomeBeforeTax": 1577000000,
    "incomeBeforeTaxRatio": 0.10822124622563821,
    "incomeTaxExpense": 112000000,
    "netIncome": 1465000000,
    "netIncomeRatio": 0.10053527312654406,
    "eps": 6.31,
    "epsdiluted": 6.18,
    "weightedAverageShsOut": 232000000,
    "weightedAverageShsOutDil": 237000000,
    "link": "https://www.sec.gov/Archives/edgar/data/106040/000010604015000010/0000106040-15-000010-index.html",
    "finalLink": "https://www.sec.gov/Archives/edgar/data/106040/000010604015000010/wdc731510k.htm"
  },
  {
    "date": "2014-06-27",
    "symbol": "WDC",
    "reportedCurrency": "USD",
    "cik": "0000106040",
    "fillingDate": "2014-08-15",
    "acceptedDate": "2014-08-14 19:40:13",
    "calendarYear": "2014",
    "period": "FY",
    "revenue": 15130000000,
    "costOfRevenue": 10770000000,
    "grossProfit": 4360000000,
    "grossProfitRatio": 0.2881692002643754,
    "researchAndDevelopmentExpenses": 1661000000,
    "generalAndAdministrativeExpenses": 761000000,
    "sellingAndMarketingExpenses": 0,
    "sellingGeneralAndAdministrativeExpenses": 761000000,
    "otherExpenses": 147000000,
    "operatingExpenses": 2569000000,
    "costAndExpenses": 13339000000,
    "interestIncome": 17000000,
    "interestExpense": -39000000,
    "depreciationAndAmortization": 1244000000,
    "ebitda": 2957000000,
    "ebitdaratio": 0.19543952412425644,
    "operatingIncome": 1791000000,
    "operatingIncomeRatio": 0.11837409120951752,
    "totalOtherIncomeExpensesNet": -39000000,
    "incomeBeforeTax": 1752000000,
    "incomeBeforeTaxRatio": 0.11579643093192334,
    "incomeTaxExpense": 135000000,
    "netIncome": 1617000000,
    "netIncomeRatio": 0.10687376074025115,
    "eps": 6.88,
    "epsdiluted": 6.68,
    "weightedAverageShsOut": 235000000,
    "weightedAverageShsOutDil": 242000000,
    "link": "https://www.sec.gov/Archives/edgar/data/106040/000010604014000015/0000106040-14-000015-index.html",
    "finalLink": "https://www.sec.gov/Archives/edgar/data/106040/000010604014000015/wdc6271410k.htm"
  },
  {
    "date": "2013-06-28",
    "symbol": "WDC",
    "reportedCurrency": "USD",
    "cik": "0000106040",
    "fillingDate": "2013-08-19",
    "acceptedDate": "2013-08-16 20:12:31",
    "calendarYear": "2013",
    "period": "FY",
    "revenue": 15351000000,
    "costOfRevenue": 10988000000,
    "grossProfit": 4363000000,
    "grossProfitRatio": 0.28421601198618984,
    "researchAndDevelopmentExpenses": 1572000000,
    "generalAndAdministrativeExpenses": 706000000,
    "sellingAndMarketingExpenses": 0,
    "sellingGeneralAndAdministrativeExpenses": 706000000,
    "otherExpenses": 819000000,
    "operatingExpenses": 3097000000,
    "costAndExpenses": 14085000000,
    "interestIncome": 11000000,
    "interestExpense": -44000000,
    "depreciationAndAmortization": 1233000000,
    "ebitda": 2411000000,
    "ebitdaratio": 0.15705817210605172,
    "operatingIncome": 1266000000,
    "operatingIncomeRatio": 0.08247019738127809,
    "totalOtherIncomeExpensesNet": -44000000,
    "incomeBeforeTax": 1222000000,
    "incomeBeforeTaxRatio": 0.07960393459709465,
    "incomeTaxExpense": 242000000,
    "netIncome": 980000000,
    "netIncomeRatio": 0.06383948928408573,
    "eps": 4.07,
    "epsdiluted": 3.98,
    "weightedAverageShsOut": 241000000,
    "weightedAverageShsOutDil": 246000000,
    "link": "https://www.sec.gov/Archives/edgar/data/106040/000119312513338607/0001193125-13-338607-index.html",
    "finalLink": "https://www.sec.gov/Archives/edgar/data/106040/000119312513338607/d547947d10k.htm"
  },
  {
    "date": "2012-06-29",
    "symbol": "WDC",
    "reportedCurrency": "USD",
    "cik": "0000106040",
    "fillingDate": "2012-08-20",
    "acceptedDate": "2012-08-17 18:58:09",
    "calendarYear": "2012",
    "period": "FY",
    "revenue": 12478000000,
    "costOfRevenue": 8840000000,
    "grossProfit": 3638000000,
    "grossProfitRatio": 0.29155313351498635,
    "researchAndDevelopmentExpenses": 1055000000,
    "generalAndAdministrativeExpenses": 457000000,
    "sellingAndMarketingExpenses": 0,
    "sellingGeneralAndAdministrativeExpenses": 518000000,
    "otherExpenses": 294000000,
    "operatingExpenses": 1867000000,
    "costAndExpenses": 10707000000,
    "interestIncome": 12000000,
    "interestExpense": -14000000,
    "depreciationAndAmortization": 825000000,
    "ebitda": 2568000000,
    "ebitdaratio": 0.20580221189293155,
    "operatingIncome": 1771000000,
    "operatingIncomeRatio": 0.14192979644173745,
    "totalOtherIncomeExpensesNet": -14000000,
    "incomeBeforeTax": 1757000000,
    "incomeBeforeTaxRatio": 0.1408078217663087,
    "incomeTaxExpense": 145000000,
    "netIncome": 1612000000,
    "netIncomeRatio": 0.1291873697707966,
    "eps": 6.69,
    "epsdiluted": 6.58,
    "weightedAverageShsOut": 241000000,
    "weightedAverageShsOutDil": 245000000,
    "link": "https://www.sec.gov/Archives/edgar/data/106040/000119312512361018/0001193125-12-361018-index.html",
    "finalLink": "https://www.sec.gov/Archives/edgar/data/106040/000119312512361018/d356205d10k.htm"
  },
  {
    "date": "2011-07-01",
    "symbol": "WDC",
    "reportedCurrency": "USD",
    "cik": "0000106040",
    "fillingDate": "2011-08-12",
    "acceptedDate": "2011-08-11 19:03:00",
    "calendarYear": "2011",
    "period": "FY",
    "revenue": 9526000000,
    "costOfRevenue": 7735000000,
    "grossProfit": 1791000000,
    "grossProfitRatio": 0.18801175729582195,
    "researchAndDevelopmentExpenses": 703000000,
    "generalAndAdministrativeExpenses": 265000000,
    "sellingAndMarketingExpenses": 0,
    "sellingGeneralAndAdministrativeExpenses": 307000000,
    "otherExpenses": 0,
    "operatingExpenses": 1010000000,
    "costAndExpenses": 8745000000,
    "interestIncome": 9000000,
    "interestExpense": -1000000,
    "depreciationAndAmortization": 602000000,
    "ebitda": 1381000000,
    "ebitdaratio": 0.14497165651900062,
    "operatingIncome": 781000000,
    "operatingIncomeRatio": 0.08198614318706697,
    "totalOtherIncomeExpensesNet": -1000000,
    "incomeBeforeTax": 780000000,
    "incomeBeforeTaxRatio": 0.08188116733151375,
    "incomeTaxExpense": 54000000,
    "netIncome": 726000000,
    "netIncomeRatio": 0.07621247113163972,
    "eps": 3.14,
    "epsdiluted": 3.09,
    "weightedAverageShsOut": 231000000,
    "weightedAverageShsOutDil": 235000000,
    "link": "https://www.sec.gov/Archives/edgar/data/106040/000095012311076255/0000950123-11-076255-index.html",
    "finalLink": "https://www.sec.gov/Archives/edgar/data/106040/000095012311076255/a59422e10vk.htm"
  },
  {
    "date": "2010-07-02",
    "symbol": "WDC",
    "reportedCurrency": "USD",
    "cik": "0000106040",
    "fillingDate": "2010-08-13",
    "acceptedDate": "2010-08-13 16:56:51",
    "calendarYear": "2010",
    "period": "FY",
    "revenue": 9850000000,
    "costOfRevenue": 7449000000,
    "grossProfit": 2401000000,
    "grossProfitRatio": 0.24375634517766498,
    "researchAndDevelopmentExpenses": 611000000,
    "generalAndAdministrativeExpenses": 238000000,
    "sellingAndMarketingExpenses": 0,
    "sellingGeneralAndAdministrativeExpenses": 265000000,
    "otherExpenses": 0,
    "operatingExpenses": 876000000,
    "costAndExpenses": 8325000000,
    "interestIncome": 4000000,
    "interestExpense": -5000000,
    "depreciationAndAmortization": 510000000,
    "ebitda": 2025000000,
    "ebitdaratio": 0.20558375634517767,
    "operatingIncome": 1525000000,
    "operatingIncomeRatio": 0.1548223350253807,
    "totalOtherIncomeExpensesNet": -5000000,
    "incomeBeforeTax": 1520000000,
    "incomeBeforeTaxRatio": 0.15431472081218275,
    "incomeTaxExpense": 138000000,
    "netIncome": 1382000000,
    "netIncomeRatio": 0.14030456852791878,
    "eps": 6.06,
    "epsdiluted": 5.93,
    "weightedAverageShsOut": 228000000,
    "weightedAverageShsOutDil": 233000000,
    "link": "https://www.sec.gov/Archives/edgar/data/106040/000095012310077390/0000950123-10-077390-index.html",
    "finalLink": "https://www.sec.gov/Archives/edgar/data/106040/000095012310077390/a56460e10vk.htm"
  },
  {
    "date": "2009-07-03",
    "symbol": "WDC",
    "reportedCurrency": "USD",
    "cik": "0000106040",
    "fillingDate": "2009-08-14",
    "acceptedDate": "2009-08-13 21:35:54",
    "calendarYear": "2009",
    "period": "FY",
    "revenue": 7453000000,
    "costOfRevenue": 6116000000,
    "grossProfit": 1337000000,
    "grossProfitRatio": 0.1793908493224205,
    "researchAndDevelopmentExpenses": 509000000,
    "generalAndAdministrativeExpenses": 201000000,
    "sellingAndMarketingExpenses": 0,
    "sellingGeneralAndAdministrativeExpenses": 201000000,
    "otherExpenses": 108000000,
    "operatingExpenses": 818000000,
    "costAndExpenses": 6934000000,
    "interestIncome": 9000000,
    "interestExpense": 27000000,
    "depreciationAndAmortization": 479000000,
    "ebitda": 1007000000,
    "ebitdaratio": 0.1351133771635583,
    "operatingIncome": 519000000,
    "operatingIncomeRatio": 0.0696363880316651,
    "totalOtherIncomeExpensesNet": -18000000,
    "incomeBeforeTax": 501000000,
    "incomeBeforeTaxRatio": 0.06722125318663626,
    "incomeTaxExpense": 31000000,
    "netIncome": 470000000,
    "netIncomeRatio": 0.06306185428686435,
    "eps": 2.12,
    "epsdiluted": 2.08,
    "weightedAverageShsOut": 222000000,
    "weightedAverageShsOutDil": 226000000,
    "link": "https://www.sec.gov/Archives/edgar/data/106040/000095012309034923/0000950123-09-034923-index.html",
    "finalLink": "https://www.sec.gov/Archives/edgar/data/106040/000095012309034923/a53306e10vk.htm"
  },
  {
    "date": "2008-06-27",
    "symbol": "WDC",
    "reportedCurrency": "USD",
    "cik": "0000106040",
    "fillingDate": "2008-08-20",
    "acceptedDate": "2008-08-20 17:14:00",
    "calendarYear": "2008",
    "period": "FY",
    "revenue": 8074000000,
    "costOfRevenue": 6335000000,
    "grossProfit": 1739000000,
    "grossProfitRatio": 0.21538270993311864,
    "researchAndDevelopmentExpenses": 464000000,
    "generalAndAdministrativeExpenses": 220000000,
    "sellingAndMarketingExpenses": 0,
    "sellingGeneralAndAdministrativeExpenses": 220000000,
    "otherExpenses": 49000000,
    "operatingExpenses": 733000000,
    "costAndExpenses": 7068000000,
    "interestIncome": 0,
    "interestExpense": 52000000,
    "depreciationAndAmortization": 413000000,
    "ebitda": 1446000000,
    "ebitdaratio": 0.17909338617785484,
    "operatingIncome": 1006000000,
    "operatingIncomeRatio": 0.12459747337131534,
    "totalOtherIncomeExpensesNet": -25000000,
    "incomeBeforeTax": 981000000,
    "incomeBeforeTaxRatio": 0.12150111468912558,
    "incomeTaxExpense": 114000000,
    "netIncome": 867000000,
    "netIncomeRatio": 0.10738171909834035,
    "eps": 3.92,
    "epsdiluted": 3.84,
    "weightedAverageShsOut": 221000000,
    "weightedAverageShsOutDil": 226000000,
    "link": "https://www.sec.gov/Archives/edgar/data/106040/000089256908001165/0000892569-08-001165-index.html",
    "finalLink": "https://www.sec.gov/Archives/edgar/data/106040/000089256908001165/a43088e10vk.htm"
  },
  {
    "date": "2007-06-29",
    "symbol": "WDC",
    "reportedCurrency": "USD",
    "cik": "0000106040",
    "fillingDate": "2007-08-28",
    "acceptedDate": "2007-08-27 20:53:56",
    "calendarYear": "2007",
    "period": "FY",
    "revenue": 5467000000,
    "costOfRevenue": 4567000000,
    "grossProfit": 900000000,
    "grossProfitRatio": 0.16462410828608012,
    "researchAndDevelopmentExpenses": 306000000,
    "generalAndAdministrativeExpenses": 179000000,
    "sellingAndMarketingExpenses": 0,
    "sellingGeneralAndAdministrativeExpenses": 179000000,
    "otherExpenses": 0,
    "operatingExpenses": 485000000,
    "costAndExpenses": 5052000000,
    "interestIncome": 0,
    "interestExpense": -4000000,
    "depreciationAndAmortization": 210000000,
    "ebitda": 649000000,
    "ebitdaratio": 0.11871227364185111,
    "operatingIncome": 415000000,
    "operatingIncomeRatio": 0.07591000548747028,
    "totalOtherIncomeExpensesNet": 28000000,
    "incomeBeforeTax": 443000000,
    "incomeBeforeTaxRatio": 0.0810316444119261,
    "incomeTaxExpense": -121000000,
    "netIncome": 564000000,
    "netIncomeRatio": 0.1031644411926102,
    "eps": 2.57,
    "epsdiluted": 2.5,
    "weightedAverageShsOut": 219000000,
    "weightedAverageShsOutDil": 226000000,
    "link": "https://www.sec.gov/Archives/edgar/data/106040/000089256907001093/0000892569-07-001093-index.html",
    "finalLink": "https://www.sec.gov/Archives/edgar/data/106040/000089256907001093/a33189e10vk.htm"
  },
  {
    "date": "2006-06-30",
    "symbol": "WDC",
    "reportedCurrency": "USD",
    "cik": "0000106040",
    "fillingDate": "2006-11-20",
    "acceptedDate": "2006-11-20 12:25:11",
    "calendarYear": "2006",
    "period": "FY",
    "revenue": 4341300000,
    "costOfRevenue": 3512500000,
    "grossProfit": 828800000,
    "grossProfitRatio": 0.19091055674567525,
    "researchAndDevelopmentExpenses": 297200000,
    "generalAndAdministrativeExpenses": 165700000,
    "sellingAndMarketingExpenses": 0,
    "sellingGeneralAndAdministrativeExpenses": 165700000,
    "otherExpenses": 0,
    "operatingExpenses": 462900000,
    "costAndExpenses": 3975400000,
    "interestIncome": 0,
    "interestExpense": 0,
    "depreciationAndAmortization": 159800000,
    "ebitda": 541500000,
    "ebitdaratio": 0.1247322230668233,
    "operatingIncome": 365900000,
    "operatingIncomeRatio": 0.0842835095478313,
    "totalOtherIncomeExpensesNet": 15800000,
    "incomeBeforeTax": 381700000,
    "incomeBeforeTaxRatio": 0.0879229723815447,
    "incomeTaxExpense": -12900000,
    "netIncome": 394600000,
    "netIncomeRatio": 0.09089443254324742,
    "eps": 1.84,
    "epsdiluted": 1.76,
    "weightedAverageShsOut": 215000000,
    "weightedAverageShsOutDil": 223600000,
    "link": "https://www.sec.gov/Archives/edgar/data/106040/000089256906001395/a23647e10vk.htm",
    "finalLink": "https://www.sec.gov/Archives/edgar/data/106040/000089256906001395/a23647e10vk.htm"
  },
  {
    "date": "2005-07-01",
    "symbol": "WDC",
    "reportedCurrency": "USD",
    "cik": "0000106040",
    "fillingDate": "2005-09-14",
    "acceptedDate": "2005-09-14 14:50:30",
    "calendarYear": "2005",
    "period": "FY",
    "revenue": 3639000000,
    "costOfRevenue": 3049000000,
    "grossProfit": 590000000,
    "grossProfitRatio": 0.16213245397087112,
    "researchAndDevelopmentExpenses": 239000000,
    "generalAndAdministrativeExpenses": 154000000,
    "sellingAndMarketingExpenses": 0,
    "sellingGeneralAndAdministrativeExpenses": 154400000,
    "otherExpenses": -400000,
    "operatingExpenses": 393000000,
    "costAndExpenses": 3442000000,
    "interestIncome": 0,
    "interestExpense": 5000000,
    "depreciationAndAmortization": 134800000,
    "ebitda": 340800000,
    "ebitdaratio": 0.09365210222588623,
    "operatingIncome": 196900000,
    "operatingIncomeRatio": 0.05410827150316021,
    "totalOtherIncomeExpensesNet": 5100000,
    "incomeBeforeTax": 202000000,
    "incomeBeforeTaxRatio": 0.0555097554273152,
    "incomeTaxExpense": 3000000,
    "netIncome": 198000000,
    "netIncomeRatio": 0.05441055234954658,
    "eps": 0.96,
    "epsdiluted": 0.91,
    "weightedAverageShsOut": 207600000,
    "weightedAverageShsOutDil": 216900000,
    "link": "https://www.sec.gov/Archives/edgar/data/106040/000095013705011286/a12474e10vk.htm",
    "finalLink": "https://www.sec.gov/Archives/edgar/data/106040/000095013705011286/a12474e10vk.htm"
  },
  {
    "date": "2004-07-02",
    "symbol": "WDC",
    "reportedCurrency": "USD",
    "cik": "0000106040",
    "fillingDate": "2004-09-14",
    "acceptedDate": "2004-09-14 16:12:31",
    "calendarYear": "2004",
    "period": "FY",
    "revenue": 3047000000,
    "costOfRevenue": 2585000000,
    "grossProfit": 462000000,
    "grossProfitRatio": 0.15162454873646208,
    "researchAndDevelopmentExpenses": 201000000,
    "generalAndAdministrativeExpenses": 106000000,
    "sellingAndMarketingExpenses": 0,
    "sellingGeneralAndAdministrativeExpenses": 105700000,
    "otherExpenses": 300000,
    "operatingExpenses": 307000000,
    "costAndExpenses": 2892000000,
    "interestIncome": 0,
    "interestExpense": 0,
    "depreciationAndAmortization": 101700000,
    "ebitda": 255700000,
    "ebitdaratio": 0.08391860846734493,
    "operatingIncome": 306700000,
    "operatingIncomeRatio": 0.10065638332786347,
    "totalOtherIncomeExpensesNet": -151700000,
    "incomeBeforeTax": 155000000,
    "incomeBeforeTaxRatio": 0.0508697079094191,
    "incomeTaxExpense": 3000000,
    "netIncome": 151000000,
    "netIncomeRatio": 0.04955694125369216,
    "eps": 0.74,
    "epsdiluted": 0.7,
    "weightedAverageShsOut": 205700000,
    "weightedAverageShsOutDil": 216700000,
    "link": "https://www.sec.gov/Archives/edgar/data/106040/000095013704007712/0000950137-04-007712-index.html",
    "finalLink": "https://www.sec.gov/Archives/edgar/data/106040/000095013704007712/a01568e10vk.htm"
  },
  {
    "date": "2003-06-27",
    "symbol": "WDC",
    "reportedCurrency": "USD",
    "cik": "0000106040",
    "fillingDate": "2003-09-23",
    "acceptedDate": "2003-09-23 17:24:55",
    "calendarYear": "2003",
    "period": "FY",
    "revenue": 2719000000,
    "costOfRevenue": 2276000000,
    "grossProfit": 443000000,
    "grossProfitRatio": 0.1629275468922398,
    "researchAndDevelopmentExpenses": 135000000,
    "generalAndAdministrativeExpenses": 121000000,
    "sellingAndMarketingExpenses": 0,
    "sellingGeneralAndAdministrativeExpenses": 121400000,
    "otherExpenses": -400000,
    "operatingExpenses": 256000000,
    "costAndExpenses": 2532000000,
    "interestIncome": 0,
    "interestExpense": -1000000,
    "depreciationAndAmortization": 50400000,
    "ebitda": 238400000,
    "ebitdaratio": 0.08767929385803604,
    "operatingIncome": 186800000,
    "operatingIncomeRatio": 0.06870172857668261,
    "totalOtherIncomeExpensesNet": 1200000,
    "incomeBeforeTax": 188000000,
    "incomeBeforeTaxRatio": 0.06914306730415594,
    "incomeTaxExpense": 7000000,
    "netIncome": 182000000,
    "netIncomeRatio": 0.06693637366678926,
    "eps": 0.93,
    "epsdiluted": 0.89,
    "weightedAverageShsOut": 195600000,
    "weightedAverageShsOutDil": 205500000,
    "link": "https://www.sec.gov/Archives/edgar/data/106040/000089256903002216/0000892569-03-002216-index.html",
    "finalLink": "https://www.sec.gov/Archives/edgar/data/106040/000089256903002216/a93092e10vk.htm"
  },
  {
    "date": "2002-06-28",
    "symbol": "WDC",
    "reportedCurrency": "USD",
    "cik": "0000106040",
    "fillingDate": "2002-09-25",
    "acceptedDate": "2002-09-25 15:09:24",
    "calendarYear": "2002",
    "period": "FY",
    "revenue": 2151000000,
    "costOfRevenue": 1870000000,
    "grossProfit": 281000000,
    "grossProfitRatio": 0.1306369130636913,
    "researchAndDevelopmentExpenses": 120000000,
    "generalAndAdministrativeExpenses": 111000000,
    "sellingAndMarketingExpenses": 0,
    "sellingGeneralAndAdministrativeExpenses": 110797000,
    "otherExpenses": -797000,
    "operatingExpenses": 230000000,
    "costAndExpenses": 2100000000,
    "interestIncome": 0,
    "interestExpense": -1419000,
    "depreciationAndAmortization": 45794000,
    "ebitda": 108375000,
    "ebitdaratio": 0.05038354253835425,
    "operatingIncome": 50676000,
    "operatingIncomeRatio": 0.023559274755927475,
    "totalOtherIncomeExpensesNet": 1324000,
    "incomeBeforeTax": 52000000,
    "incomeBeforeTaxRatio": 0.02417480241748024,
    "incomeTaxExpense": -1000000,
    "netIncome": 65000000,
    "netIncomeRatio": 0.030218503021850304,
    "eps": 0.35,
    "epsdiluted": 0.34,
    "weightedAverageShsOut": 188988000,
    "weightedAverageShsOutDil": 193708000,
    "link": "https://www.sec.gov/Archives/edgar/data/106040/000089256902001988/0000892569-02-001988-index.html",
    "finalLink": "https://www.sec.gov/Archives/edgar/data/106040/000089256902001988/a83140e10vk.htm"
  },
  {
    "date": "2001-06-29",
    "symbol": "WDC",
    "reportedCurrency": "USD",
    "cik": "0000106040",
    "fillingDate": "2001-09-27",
    "acceptedDate": "2001-09-27 00:00:00",
    "calendarYear": "2001",
    "period": "FY",
    "revenue": 1953000000,
    "costOfRevenue": 1746000000,
    "grossProfit": 207000000,
    "grossProfitRatio": 0.10599078341013825,
    "researchAndDevelopmentExpenses": 123000000,
    "generalAndAdministrativeExpenses": 119000000,
    "sellingAndMarketingExpenses": 0,
    "sellingGeneralAndAdministrativeExpenses": 119121000,
    "otherExpenses": -1121000,
    "operatingExpenses": 241000000,
    "costAndExpenses": 1987000000,
    "interestIncome": 0,
    "interestExpense": -1000000,
    "depreciationAndAmortization": 51905000,
    "ebitda": -48095000,
    "ebitdaratio": -0.024626216077828982,
    "operatingIncome": -33897000,
    "operatingIncomeRatio": -0.017356374807987712,
    "totalOtherIncomeExpensesNet": -53103000,
    "incomeBeforeTax": -87000000,
    "incomeBeforeTaxRatio": -0.0445468509984639,
    "incomeTaxExpense": 0,
    "netIncome": -99000000,
    "netIncomeRatio": -0.05069124423963134,
    "eps": -0.59,
    "epsdiluted": -0.59,
    "weightedAverageShsOut": 168715000,
    "weightedAverageShsOutDil": 168715000,
    "link": "https://www.sec.gov/Archives/edgar/data/106040/000109581101505236/0001095811-01-505236-index.html",
    "finalLink": "https://www.sec.gov/Archives/edgar/data/106040/000109581101505236/a75704e10-k.htm"
  },
  {
    "date": "2000-06-30",
    "symbol": "WDC",
    "reportedCurrency": "USD",
    "cik": "0000106040",
    "fillingDate": "2000-09-28",
    "acceptedDate": "2000-09-28 00:00:00",
    "calendarYear": "2000",
    "period": "FY",
    "revenue": 1957580000,
    "costOfRevenue": 1871059000,
    "grossProfit": 86521000,
    "grossProfitRatio": 0.04419793827072201,
    "researchAndDevelopmentExpenses": 163198000,
    "generalAndAdministrativeExpenses": 138323000,
    "sellingAndMarketingExpenses": 0,
    "sellingGeneralAndAdministrativeExpenses": 138323000,
    "otherExpenses": 78452000,
    "operatingExpenses": 379973000,
    "costAndExpenses": 2251032000,
    "interestIncome": 0,
    "interestExpense": 0,
    "depreciationAndAmortization": 78452000,
    "ebitda": -129064000,
    "ebitdaratio": -0.06593038343260556,
    "operatingIncome": -293452000,
    "operatingIncomeRatio": -0.14990549556084554,
    "totalOtherIncomeExpensesNet": -80963000,
    "incomeBeforeTax": -374415000,
    "incomeBeforeTaxRatio": -0.19126421397848364,
    "incomeTaxExpense": -19500000,
    "netIncome": -188016000,
    "netIncomeRatio": -0.09604511693008715,
    "eps": -1.53,
    "epsdiluted": -1.53,
    "weightedAverageShsOut": 122624000,
    "weightedAverageShsOutDil": 122624000,
    "link": "https://www.sec.gov/Archives/edgar/data/106040/000109581100003657/0001095811-00-003657-index.html",
    "finalLink": "https://www.sec.gov/Archives/edgar/data/106040/000109581100003657/a65804e10-k.htm"
  },
  {
    "date": "1999-07-03",
    "symbol": "WDC",
    "reportedCurrency": "USD",
    "cik": "0000106040",
    "fillingDate": "1999-07-03",
    "acceptedDate": "1999-07-02 20:00:00",
    "calendarYear": "1999",
    "period": "FY",
    "revenue": 2767000000,
    "costOfRevenue": 2770000000,
    "grossProfit": -3000000,
    "grossProfitRatio": -0.0010842067220816769,
    "researchAndDevelopmentExpenses": 217000000,
    "generalAndAdministrativeExpenses": 196000000,
    "sellingAndMarketingExpenses": 0,
    "sellingGeneralAndAdministrativeExpenses": 196000000,
    "otherExpenses": 61000000,
    "operatingExpenses": 474000000,
    "costAndExpenses": 3244000000,
    "interestIncome": 0,
    "interestExpense": -16000000,
    "depreciationAndAmortization": 131100000,
    "ebitda": -377900000,
    "ebitdaratio": -0.1365739067582219,
    "operatingIncome": -415900000,
    "operatingIncomeRatio": -0.1503071919045898,
    "totalOtherIncomeExpensesNet": -77100000,
    "incomeBeforeTax": -493000000,
    "incomeBeforeTaxRatio": -0.17817130466208891,
    "incomeTaxExpense": 0,
    "netIncome": -493000000,
    "netIncomeRatio": -0.17817130466208891,
    "eps": -5.51,
    "epsdiluted": -5.51,
    "weightedAverageShsOut": 89478000,
    "weightedAverageShsOutDil": 89478000,
    "link": "",
    "finalLink": ""
  },
  {
    "date": "1998-06-27",
    "symbol": "WDC",
    "reportedCurrency": "USD",
    "cik": "0000106040",
    "fillingDate": "1998-09-01",
    "acceptedDate": "1998-09-01 00:00:00",
    "calendarYear": "1998",
    "period": "FY",
    "revenue": 3542000000,
    "costOfRevenue": 3441000000,
    "grossProfit": 101000000,
    "grossProfitRatio": 0.028514963297571992,
    "researchAndDevelopmentExpenses": 204000000,
    "generalAndAdministrativeExpenses": 192000000,
    "sellingAndMarketingExpenses": 0,
    "sellingGeneralAndAdministrativeExpenses": 192100000,
    "otherExpenses": -100000,
    "operatingExpenses": 396000000,
    "costAndExpenses": 3837000000,
    "interestIncome": 0,
    "interestExpense": 4000000,
    "depreciationAndAmortization": 106600000,
    "ebitda": -181400000,
    "ebitdaratio": -0.05121400338791643,
    "operatingIncome": -295800000,
    "operatingIncomeRatio": -0.08351214003387916,
    "totalOtherIncomeExpensesNet": 3800000,
    "incomeBeforeTax": -292000000,
    "incomeBeforeTaxRatio": -0.08243929983060418,
    "incomeTaxExpense": -2000000,
    "netIncome": -290000000,
    "netIncomeRatio": -0.0818746470920384,
    "eps": -3.32,
    "epsdiluted": -3.32,
    "weightedAverageShsOut": 87525000,
    "weightedAverageShsOutDil": 87525000,
    "link": "https://www.sec.gov/Archives/edgar/data/106040/000089256998002462/0000892569-98-002462-index.html",
    "finalLink": "https://www.sec.gov/Archives/edgar/data/106040/0000892569-98-002462.txt"
  },
  {
    "date": "1997-06-28",
    "symbol": "WDC",
    "reportedCurrency": "USD",
    "cik": "0000106040",
    "fillingDate": "1997-06-28",
    "acceptedDate": "1997-06-27 20:00:00",
    "calendarYear": "1997",
    "period": "FY",
    "revenue": 4178000000,
    "costOfRevenue": 3528000000,
    "grossProfit": 650000000,
    "grossProfitRatio": 0.1555768310196266,
    "researchAndDevelopmentExpenses": 150000000,
    "generalAndAdministrativeExpenses": 199000000,
    "sellingAndMarketingExpenses": 0,
    "sellingGeneralAndAdministrativeExpenses": 198500000,
    "otherExpenses": -500000,
    "operatingExpenses": 348000000,
    "costAndExpenses": 3876000000,
    "interestIncome": 0,
    "interestExpense": 0,
    "depreciationAndAmortization": 63500000,
    "ebitda": 378500000,
    "ebitdaratio": 0.09059358544758257,
    "operatingIncome": 301600000,
    "operatingIncomeRatio": 0.07218764959310675,
    "totalOtherIncomeExpensesNet": 13400000,
    "incomeBeforeTax": 315000000,
    "incomeBeforeTaxRatio": 0.07539492580181906,
    "incomeTaxExpense": 47000000,
    "netIncome": 268000000,
    "netIncomeRatio": 0.06414552417424606,
    "eps": 2.86,
    "epsdiluted": 2.85,
    "weightedAverageShsOut": 93521000,
    "weightedAverageShsOutDil": 93880000,
    "link": "",
    "finalLink": ""
  },
  {
    "date": "1996-06-29",
    "symbol": "WDC",
    "reportedCurrency": "USD",
    "cik": "0000106040",
    "fillingDate": "1996-09-18",
    "acceptedDate": "1996-09-18 00:00:00",
    "calendarYear": "1996",
    "period": "FY",
    "revenue": 2865000000,
    "costOfRevenue": 2483000000,
    "grossProfit": 382000000,
    "grossProfitRatio": 0.13333333333333333,
    "researchAndDevelopmentExpenses": 150000000,
    "generalAndAdministrativeExpenses": 154000000,
    "sellingAndMarketingExpenses": 0,
    "sellingGeneralAndAdministrativeExpenses": 154200000,
    "otherExpenses": 800000,
    "operatingExpenses": 305000000,
    "costAndExpenses": 2788000000,
    "interestIncome": 0,
    "interestExpense": 13000000,
    "depreciationAndAmortization": 51600000,
    "ebitda": 172600000,
    "ebitdaratio": 0.06024432809773124,
    "operatingIncome": 77400000,
    "operatingIncomeRatio": 0.02701570680628272,
    "totalOtherIncomeExpensesNet": 30600000,
    "incomeBeforeTax": 108000000,
    "incomeBeforeTaxRatio": 0.03769633507853403,
    "incomeTaxExpense": 11000000,
    "netIncome": 97000000,
    "netIncomeRatio": 0.033856893542757414,
    "eps": 1.005,
    "epsdiluted": 1.005,
    "weightedAverageShsOut": 96248000,
    "weightedAverageShsOutDil": 96560000,
    "link": "https://www.sec.gov/Archives/edgar/data/106040/000089256996001855/0000892569-96-001855-index.html",
    "finalLink": "https://www.sec.gov/Archives/edgar/data/106040/0000892569-96-001855.txt"
  },
  {
    "date": "1995-07-01",
    "symbol": "WDC",
    "reportedCurrency": "USD",
    "cik": "0000106040",
    "fillingDate": "1995-09-29",
    "acceptedDate": "1995-09-29 00:00:00",
    "calendarYear": "1995",
    "period": "FY",
    "revenue": 2131000000,
    "costOfRevenue": 1737000000,
    "grossProfit": 394000000,
    "grossProfitRatio": 0.18488972313467855,
    "researchAndDevelopmentExpenses": 131000000,
    "generalAndAdministrativeExpenses": 130000000,
    "sellingAndMarketingExpenses": 0,
    "sellingGeneralAndAdministrativeExpenses": 130300000,
    "otherExpenses": -300000,
    "operatingExpenses": 261000000,
    "costAndExpenses": 1998000000,
    "interestIncome": 0,
    "interestExpense": 9000000,
    "depreciationAndAmortization": 43600000,
    "ebitda": 197600000,
    "ebitdaratio": 0.09272641952135148,
    "operatingIncome": 133000000,
    "operatingIncomeRatio": 0.06241201313937119,
    "totalOtherIncomeExpensesNet": 12000000,
    "incomeBeforeTax": 145000000,
    "incomeBeforeTaxRatio": 0.0680431722196152,
    "incomeTaxExpense": 22000000,
    "netIncome": 123000000,
    "netIncomeRatio": 0.05771938057250117,
    "eps": 1.28,
    "epsdiluted": 1.235,
    "weightedAverageShsOut": 96396000,
    "weightedAverageShsOutDil": 102840000,
    "link": "https://www.sec.gov/Archives/edgar/data/106040/000089256995000540/0000892569-95-000540-index.html",
    "finalLink": "https://www.sec.gov/Archives/edgar/data/106040/0000892569-95-000540.txt"
  },
  {
    "date": "1994-06-30",
    "symbol": "WDC",
    "reportedCurrency": "USD",
    "cik": "0000106040",
    "fillingDate": "1994-09-23",
    "acceptedDate": "1994-09-23 00:00:00",
    "calendarYear": "1994",
    "period": "FY",
    "revenue": 1539700000,
    "costOfRevenue": 1175600000,
    "grossProfit": 364100000,
    "grossProfitRatio": 0.23647463791647724,
    "researchAndDevelopmentExpenses": 112800000,
    "generalAndAdministrativeExpenses": 113200000,
    "sellingAndMarketingExpenses": 0,
    "sellingGeneralAndAdministrativeExpenses": 113200000,
    "otherExpenses": 46200000,
    "operatingExpenses": 272200000,
    "costAndExpenses": 1447800000,
    "interestIncome": 0,
    "interestExpense": 0,
    "depreciationAndAmortization": 46200000,
    "ebitda": 132200000,
    "ebitdaratio": 0.08586088198999806,
    "operatingIncome": 91900000,
    "operatingIncomeRatio": 0.05968695200363707,
    "totalOtherIncomeExpensesNet": -5900000,
    "incomeBeforeTax": 86000000,
    "incomeBeforeTaxRatio": 0.05585503669546015,
    "incomeTaxExpense": 12900000,
    "netIncome": 73100000,
    "netIncomeRatio": 0.04747678119114113,
    "eps": 0.885,
    "epsdiluted": 0.85,
    "weightedAverageShsOut": 82726000,
    "weightedAverageShsOutDil": 91360000,
    "link": "https://www.sec.gov/Archives/edgar/data/106040/000089256994000280/0000892569-94-000280-index.html",
    "finalLink": "https://www.sec.gov/Archives/edgar/data/106040/0000892569-94-000280.txt"
  },
  {
    "date": "1993-06-30",
    "symbol": "WDC",
    "reportedCurrency": "USD",
    "cik": "0000106040",
    "fillingDate": "1993-06-30",
    "acceptedDate": "1993-06-29 20:00:00",
    "calendarYear": "1993",
    "period": "FY",
    "revenue": 1225200000,
    "costOfRevenue": 989400000,
    "grossProfit": 235800000,
    "grossProfitRatio": 0.19245837414299707,
    "researchAndDevelopmentExpenses": 0,
    "generalAndAdministrativeExpenses": 0,
    "sellingAndMarketingExpenses": 0,
    "sellingGeneralAndAdministrativeExpenses": 192100000,
    "otherExpenses": 53700000,
    "operatingExpenses": 245800000,
    "costAndExpenses": 1235200000,
    "interestIncome": 0,
    "interestExpense": 0,
    "depreciationAndAmortization": 53700000,
    "ebitda": 28600000,
    "ebitdaratio": 0.02334312765262814,
    "operatingIncome": -10000000,
    "operatingIncomeRatio": -0.008161932745674175,
    "totalOtherIncomeExpensesNet": 0,
    "incomeBeforeTax": 0,
    "incomeBeforeTaxRatio": 0,
    "incomeTaxExpense": 0,
    "netIncome": -25100000,
    "netIncomeRatio": -0.02048645119164218,
    "eps": -0.4,
    "epsdiluted": -0.4,
    "weightedAverageShsOut": 62750000,
    "weightedAverageShsOutDil": 62750000,
    "link": "",
    "finalLink": ""
  },
  {
    "date": "1992-06-30",
    "symbol": "WDC",
    "reportedCurrency": "USD",
    "cik": "0000106040",
    "fillingDate": "1992-06-30",
    "acceptedDate": "1992-06-29 20:00:00",
    "calendarYear": "1992",
    "period": "FY",
    "revenue": 938300000,
    "costOfRevenue": 776900000,
    "grossProfit": 161400000,
    "grossProfitRatio": 0.17201321538953426,
    "researchAndDevelopmentExpenses": 0,
    "generalAndAdministrativeExpenses": 0,
    "sellingAndMarketingExpenses": 0,
    "sellingGeneralAndAdministrativeExpenses": 177600000,
    "otherExpenses": 50800000,
    "operatingExpenses": 228400000,
    "costAndExpenses": 1005300000,
    "interestIncome": 0,
    "interestExpense": 0,
    "depreciationAndAmortization": 50800000,
    "ebitda": -20600000,
    "ebitdaratio": -0.02195459874240648,
    "operatingIncome": -67000000,
    "operatingIncomeRatio": -0.07140573377384632,
    "totalOtherIncomeExpensesNet": -4400000,
    "incomeBeforeTax": -71400000,
    "incomeBeforeTaxRatio": -0.07609506554406906,
    "incomeTaxExpense": 1500000,
    "netIncome": -72900000,
    "netIncomeRatio": -0.07769370137482681,
    "eps": -1.25,
    "epsdiluted": -1.25,
    "weightedAverageShsOut": 58320000,
    "weightedAverageShsOutDil": 58320000,
    "link": "",
    "finalLink": ""
  },
  {
    "date": "1991-06-30",
    "symbol": "WDC",
    "reportedCurrency": "USD",
    "cik": "0000106040",
    "fillingDate": "1991-06-30",
    "acceptedDate": "1991-06-29 20:00:00",
    "calendarYear": "1991",
    "period": "FY",
    "revenue": 986200000,
    "costOfRevenue": 769300000,
    "grossProfit": 216900000,
    "grossProfitRatio": 0.2199351044412898,
    "researchAndDevelopmentExpenses": 0,
    "generalAndAdministrativeExpenses": 0,
    "sellingAndMarketingExpenses": 0,
    "sellingGeneralAndAdministrativeExpenses": 199300000,
    "otherExpenses": 53800000,
    "operatingExpenses": 253100000,
    "costAndExpenses": 1022400000,
    "interestIncome": 0,
    "interestExpense": 0,
    "depreciationAndAmortization": 53800000,
    "ebitda": -78700000,
    "ebitdaratio": -0.07980125735145001,
    "operatingIncome": -36200000,
    "operatingIncomeRatio": -0.03670655039545731,
    "totalOtherIncomeExpensesNet": -96300000,
    "incomeBeforeTax": -132500000,
    "incomeBeforeTaxRatio": -0.13435408639221252,
    "incomeTaxExpense": 1700000,
    "netIncome": -134200000,
    "netIncomeRatio": -0.13607787467045224,
    "eps": -2.3,
    "epsdiluted": -2.3,
    "weightedAverageShsOut": 58347826,
    "weightedAverageShsOutDil": 58347826,
    "link": "",
    "finalLink": ""
  },
  {
    "date": "1990-06-30",
    "symbol": "WDC",
    "reportedCurrency": "USD",
    "cik": "0000106040",
    "fillingDate": "1990-06-30",
    "acceptedDate": "1990-06-29 20:00:00",
    "calendarYear": "1990",
    "period": "FY",
    "revenue": 1070500000,
    "costOfRevenue": 760800000,
    "grossProfit": 309700000,
    "grossProfitRatio": 0.28930406352171883,
    "researchAndDevelopmentExpenses": 0,
    "generalAndAdministrativeExpenses": 0,
    "sellingAndMarketingExpenses": 0,
    "sellingGeneralAndAdministrativeExpenses": 222200000,
    "otherExpenses": 47600000,
    "operatingExpenses": 269800000,
    "costAndExpenses": 1030600000,
    "interestIncome": 0,
    "interestExpense": 0,
    "depreciationAndAmortization": 47600000,
    "ebitda": 79800000,
    "ebitdaratio": 0.07454460532461467,
    "operatingIncome": 39900000,
    "operatingIncomeRatio": 0.037272302662307334,
    "totalOtherIncomeExpensesNet": -7700000,
    "incomeBeforeTax": 32200000,
    "incomeBeforeTaxRatio": 0.030079402148528726,
    "incomeTaxExpense": 8000000,
    "netIncome": 24200000,
    "netIncomeRatio": 0.02260625875758991,
    "eps": 0.41,
    "epsdiluted": 0.41,
    "weightedAverageShsOut": 59024390,
    "weightedAverageShsOutDil": 59024390,
    "link": "",
    "finalLink": ""
  },
  {
    "date": "1989-06-30",
    "symbol": "WDC",
    "reportedCurrency": "USD",
    "cik": "0000106040",
    "fillingDate": "1989-06-30",
    "acceptedDate": "1989-06-29 20:00:00",
    "calendarYear": "1989",
    "period": "FY",
    "revenue": 992100000,
    "costOfRevenue": 666500000,
    "grossProfit": 325600000,
    "grossProfitRatio": 0.32819272250781173,
    "researchAndDevelopmentExpenses": 0,
    "generalAndAdministrativeExpenses": 0,
    "sellingAndMarketingExpenses": 0,
    "sellingGeneralAndAdministrativeExpenses": 221600000,
    "otherExpenses": 45200000,
    "operatingExpenses": 266800000,
    "costAndExpenses": 933300000,
    "interestIncome": 0,
    "interestExpense": 0,
    "depreciationAndAmortization": 45200000,
    "ebitda": 90600000,
    "ebitdaratio": 0.09132143937103114,
    "operatingIncome": 58800000,
    "operatingIncomeRatio": 0.05926821892954339,
    "totalOtherIncomeExpensesNet": -13400000,
    "incomeBeforeTax": 45400000,
    "incomeBeforeTaxRatio": 0.04576151597621207,
    "incomeTaxExpense": 11100000,
    "netIncome": 34300000,
    "netIncomeRatio": 0.034573127708900316,
    "eps": 0.59,
    "epsdiluted": 0.59,
    "weightedAverageShsOut": 58135593,
    "weightedAverageShsOutDil": 58135593,
    "link": "",
    "finalLink": ""
  },
  {
    "date": "1988-06-30",
    "symbol": "WDC",
    "reportedCurrency": "USD",
    "cik": "0000106040",
    "fillingDate": "1988-06-30",
    "acceptedDate": "1988-06-29 20:00:00",
    "calendarYear": "1988",
    "period": "FY",
    "revenue": 768300000,
    "costOfRevenue": 512500000,
    "grossProfit": 255800000,
    "grossProfitRatio": 0.3329428608616426,
    "researchAndDevelopmentExpenses": 0,
    "generalAndAdministrativeExpenses": 0,
    "sellingAndMarketingExpenses": 0,
    "sellingGeneralAndAdministrativeExpenses": 170300000,
    "otherExpenses": 28600000,
    "operatingExpenses": 198900000,
    "costAndExpenses": 711400000,
    "interestIncome": 0,
    "interestExpense": 0,
    "depreciationAndAmortization": 28600000,
    "ebitda": 83700000,
    "ebitdaratio": 0.10894181960171807,
    "operatingIncome": 56900000,
    "operatingIncomeRatio": 0.07405961213067812,
    "totalOtherIncomeExpensesNet": -1800000,
    "incomeBeforeTax": 55100000,
    "incomeBeforeTaxRatio": 0.07171677730053365,
    "incomeTaxExpense": 12100000,
    "netIncome": 43000000,
    "netIncomeRatio": 0.05596772094234023,
    "eps": 0.76,
    "epsdiluted": 0.76,
    "weightedAverageShsOut": 56578947,
    "weightedAverageShsOutDil": 56578947,
    "link": "",
    "finalLink": ""
  },
  {
    "date": "1987-06-30",
    "symbol": "WDC",
    "reportedCurrency": "USD",
    "cik": "0000106040",
    "fillingDate": "1987-06-30",
    "acceptedDate": "1987-06-29 20:00:00",
    "calendarYear": "1987",
    "period": "FY",
    "revenue": 462500000,
    "costOfRevenue": 274300000,
    "grossProfit": 188200000,
    "grossProfitRatio": 0.4069189189189189,
    "researchAndDevelopmentExpenses": 0,
    "generalAndAdministrativeExpenses": 0,
    "sellingAndMarketingExpenses": 0,
    "sellingGeneralAndAdministrativeExpenses": 111900000,
    "otherExpenses": 18000000,
    "operatingExpenses": 129900000,
    "costAndExpenses": 404200000,
    "interestIncome": 0,
    "interestExpense": 0,
    "depreciationAndAmortization": 18000000,
    "ebitda": 75500000,
    "ebitdaratio": 0.16324324324324324,
    "operatingIncome": 58300000,
    "operatingIncomeRatio": 0.12605405405405407,
    "totalOtherIncomeExpensesNet": -800000,
    "incomeBeforeTax": 57500000,
    "incomeBeforeTaxRatio": 0.12432432432432433,
    "incomeTaxExpense": 14700000,
    "netIncome": 42800000,
    "netIncomeRatio": 0.09254054054054055,
    "eps": 0.89,
    "epsdiluted": 0.83,
    "weightedAverageShsOut": 48089888,
    "weightedAverageShsOutDil": 51566265,
    "link": "",
    "finalLink": ""
  },
  {
    "date": "1986-06-30",
    "symbol": "WDC",
    "reportedCurrency": "USD",
    "cik": "0000106040",
    "fillingDate": "1986-06-30",
    "acceptedDate": "1986-06-29 20:00:00",
    "calendarYear": "1986",
    "period": "FY",
    "revenue": 277600000,
    "costOfRevenue": 164000000,
    "grossProfit": 113600000,
    "grossProfitRatio": 0.4092219020172911,
    "researchAndDevelopmentExpenses": 0,
    "generalAndAdministrativeExpenses": 0,
    "sellingAndMarketingExpenses": 0,
    "sellingGeneralAndAdministrativeExpenses": 70100000,
    "otherExpenses": 12900000,
    "operatingExpenses": 83000000,
    "costAndExpenses": 247000000,
    "interestIncome": 0,
    "interestExpense": 0,
    "depreciationAndAmortization": 12900000,
    "ebitda": 40700000,
    "ebitdaratio": 0.14661383285302593,
    "operatingIncome": 30600000,
    "operatingIncomeRatio": 0.11023054755043228,
    "totalOtherIncomeExpensesNet": -2800000,
    "incomeBeforeTax": 27800000,
    "incomeBeforeTaxRatio": 0.10014409221902017,
    "incomeTaxExpense": 7200000,
    "netIncome": 20600000,
    "netIncomeRatio": 0.07420749279538905,
    "eps": 0.52,
    "epsdiluted": 0.51,
    "weightedAverageShsOut": 39615385,
    "weightedAverageShsOutDil": 40392157,
    "link": "",
    "finalLink": ""
  }
]