[
    {
        "date": "2022-01-31",
        "symbol": "WMT",
        "reportedCurrency": "USD",
        "cik": "0000104169",
        "fillingDate": "2022-03-18",
        "acceptedDate": "2022-03-18 17:03:00",
        "calendarYear": "2022",
        "period": "FY",
        "revenue": 572754000000,
        "costOfRevenue": 429000000000,
        "grossProfit": 143754000000,
        "grossProfitRatio": 0.25098733487675334,
        "researchAndDevelopmentExpenses": 0,
        "generalAndAdministrativeExpenses": 0,
        "sellingAndMarketingExpenses": 0,
        "sellingGeneralAndAdministrativeExpenses": 117812000000,
        "otherExpenses": 0,
        "operatingExpenses": 117812000000,
        "costAndExpenses": 546812000000,
        "interestIncome": 158000000,
        "interestExpense": 1994000000,
        "depreciationAndAmortization": 10658000000,
        "ebitda": 31081000000,
        "ebitdaratio": 0.0542658802906658,
        "operatingIncome": 25942000000,
        "operatingIncomeRatio": 0.045293441861602016,
        "totalOtherIncomeExpensesNet": -7246000000,
        "incomeBeforeTax": 18696000000,
        "incomeBeforeTaxRatio": 0.03264228621711939,
        "incomeTaxExpense": 4756000000,
        "netIncome": 13673000000,
        "netIncomeRatio": 0.0238723780191845,
        "eps": 4.9,
        "epsdiluted": 4.87,
        "weightedAverageShsOut": 2792000000,
        "weightedAverageShsOutDil": 2805000000,
        "link": "https://www.sec.gov/Archives/edgar/data/104169/000010416922000012/0000104169-22-000012-index.htm",
        "finalLink": "https://www.sec.gov/Archives/edgar/data/104169/000010416922000012/wmt-20220131.htm"
    },
    {
        "date": "2021-01-31",
        "symbol": "WMT",
        "reportedCurrency": "USD",
        "cik": "0000104169",
        "fillingDate": "2021-03-19",
        "acceptedDate": "2021-03-19 16:40:44",
        "calendarYear": "2021",
        "period": "FY",
        "revenue": 559151000000,
        "costOfRevenue": 420315000000,
        "grossProfit": 138836000000,
        "grossProfitRatio": 0.24829786587165184,
        "researchAndDevelopmentExpenses": 0,
        "generalAndAdministrativeExpenses": 0,
        "sellingAndMarketingExpenses": 0,
        "sellingGeneralAndAdministrativeExpenses": 116288000000,
        "otherExpenses": 0,
        "operatingExpenses": 116288000000,
        "costAndExpenses": 536603000000,
        "interestIncome": 121000000,
        "interestExpense": 2315000000,
        "depreciationAndAmortization": 11152000000,
        "ebitda": 33835000000,
        "ebitdaratio": 0.06051138243515616,
        "operatingIncome": 22548000000,
        "operatingIncomeRatio": 0.04032542193432543,
        "totalOtherIncomeExpensesNet": -1984000000,
        "incomeBeforeTax": 20564000000,
        "incomeBeforeTaxRatio": 0.03677718541145415,
        "incomeTaxExpense": 6858000000,
        "netIncome": 13510000000,
        "netIncomeRatio": 0.024161630758059986,
        "eps": 4.77,
        "epsdiluted": 4.75,
        "weightedAverageShsOut": 2831000000,
        "weightedAverageShsOutDil": 2847000000,
        "link": "https://www.sec.gov/Archives/edgar/data/104169/000010416921000033/0000104169-21-000033-index.htm",
        "finalLink": "https://www.sec.gov/Archives/edgar/data/104169/000010416921000033/wmt-20210131.htm"
    },
    {
        "date": "2020-01-31",
        "symbol": "WMT",
        "reportedCurrency": "USD",
        "cik": "0000104169",
        "fillingDate": "2020-03-20",
        "acceptedDate": "2020-03-19 20:00:00",
        "calendarYear": "2020",
        "period": "FY",
        "revenue": 523964000000,
        "costOfRevenue": 394605000000,
        "grossProfit": 129359000000,
        "grossProfitRatio": 0.24688528219495995,
        "researchAndDevelopmentExpenses": 0,
        "generalAndAdministrativeExpenses": 0,
        "sellingAndMarketingExpenses": 0,
        "sellingGeneralAndAdministrativeExpenses": 108791000000,
        "otherExpenses": 0,
        "operatingExpenses": 108791000000,
        "costAndExpenses": 503396000000,
        "interestIncome": 189000000,
        "interestExpense": 2599000000,
        "depreciationAndAmortization": 10987000000,
        "ebitda": 33382000000,
        "ebitdaratio": 0.06371048392637663,
        "operatingIncome": 20568000000,
        "operatingIncomeRatio": 0.03925460527822522,
        "totalOtherIncomeExpensesNet": -452000000,
        "incomeBeforeTax": 20116000000,
        "incomeBeforeTaxRatio": 0.03839195059202541,
        "incomeTaxExpense": 4915000000,
        "netIncome": 14881000000,
        "netIncomeRatio": 0.02840080616225542,
        "eps": 5.22,
        "epsdiluted": 5.19,
        "weightedAverageShsOut": 2850000000,
        "weightedAverageShsOutDil": 2868000000,
        "link": "https://www.sec.gov/Archives/edgar/data/104169/000010416920000011/0000104169-20-000011-index.htm",
        "finalLink": "https://www.sec.gov/ix?doc=/Archives/edgar/data/104169/000010416920000011/wmtform10-kx1312020.htm"
    },
    {
        "date": "2019-01-31",
        "symbol": "WMT",
        "reportedCurrency": "USD",
        "cik": "0000104169",
        "fillingDate": "2019-03-28",
        "acceptedDate": "2019-03-27 20:00:00",
        "calendarYear": "2019",
        "period": "FY",
        "revenue": 514405000000,
        "costOfRevenue": 385301000000,
        "grossProfit": 129104000000,
        "grossProfitRatio": 0.25097734275522204,
        "researchAndDevelopmentExpenses": 0,
        "generalAndAdministrativeExpenses": 0,
        "sellingAndMarketingExpenses": 0,
        "sellingGeneralAndAdministrativeExpenses": 107147000000,
        "otherExpenses": 0,
        "operatingExpenses": 107147000000,
        "costAndExpenses": 492448000000,
        "interestIncome": 217000000,
        "interestExpense": 2346000000,
        "depreciationAndAmortization": 10678000000,
        "ebitda": 23975000000,
        "ebitdaratio": 0.046607245263945725,
        "operatingIncome": 21957000000,
        "operatingIncomeRatio": 0.04268426628823592,
        "totalOtherIncomeExpensesNet": -10497000000,
        "incomeBeforeTax": 11460000000,
        "incomeBeforeTaxRatio": 0.02227816603648876,
        "incomeTaxExpense": 4281000000,
        "netIncome": 6670000000,
        "netIncomeRatio": 0.012966436951429322,
        "eps": 2.28,
        "epsdiluted": 2.26,
        "weightedAverageShsOut": 2929000000,
        "weightedAverageShsOutDil": 2945000000,
        "link": "https://www.sec.gov/Archives/edgar/data/104169/000010416919000016/0000104169-19-000016-index.htm",
        "finalLink": "https://www.sec.gov/Archives/edgar/data/104169/000010416919000016/wmtform10-kx1312019.htm"
    },
    {
        "date": "2018-01-31",
        "symbol": "WMT",
        "reportedCurrency": "USD",
        "cik": "0000104169",
        "fillingDate": "2018-03-30",
        "acceptedDate": "2018-03-29 20:00:00",
        "calendarYear": "2018",
        "period": "FY",
        "revenue": 500343000000,
        "costOfRevenue": 373396000000,
        "grossProfit": 126947000000,
        "grossProfitRatio": 0.25371994811559273,
        "researchAndDevelopmentExpenses": 0,
        "generalAndAdministrativeExpenses": 0,
        "sellingAndMarketingExpenses": 0,
        "sellingGeneralAndAdministrativeExpenses": 106510000000,
        "otherExpenses": 0,
        "operatingExpenses": 106510000000,
        "costAndExpenses": 479906000000,
        "interestIncome": 152000000,
        "interestExpense": 2330000000,
        "depreciationAndAmortization": 10529000000,
        "ebitda": 27321000000,
        "ebitdaratio": 0.05460454128467871,
        "operatingIncome": 20437000000,
        "operatingIncomeRatio": 0.04084597965795464,
        "totalOtherIncomeExpensesNet": -5314000000,
        "incomeBeforeTax": 15123000000,
        "incomeBeforeTaxRatio": 0.030225265467889027,
        "incomeTaxExpense": 4600000000,
        "netIncome": 9862000000,
        "netIncomeRatio": 0.019710478611672393,
        "eps": 3.29,
        "epsdiluted": 3.28,
        "weightedAverageShsOut": 2995000000,
        "weightedAverageShsOutDil": 3010000000,
        "link": "https://www.sec.gov/Archives/edgar/data/104169/000010416918000028/0000104169-18-000028-index.htm",
        "finalLink": "https://www.sec.gov/Archives/edgar/data/104169/000010416918000028/wmtform10-kx1312018.htm"
    },
    {
        "date": "2017-01-31",
        "symbol": "WMT",
        "reportedCurrency": "USD",
        "cik": "0000104169",
        "fillingDate": "2017-03-31",
        "acceptedDate": "2017-03-30 20:00:00",
        "calendarYear": "2017",
        "period": "FY",
        "revenue": 485873000000,
        "costOfRevenue": 361256000000,
        "grossProfit": 124617000000,
        "grossProfitRatio": 0.25648060295591646,
        "researchAndDevelopmentExpenses": 0,
        "generalAndAdministrativeExpenses": 0,
        "sellingAndMarketingExpenses": 0,
        "sellingGeneralAndAdministrativeExpenses": 101853000000,
        "otherExpenses": 0,
        "operatingExpenses": 101853000000,
        "costAndExpenses": 463109000000,
        "interestIncome": 100000000,
        "interestExpense": 2367000000,
        "depreciationAndAmortization": 10080000000,
        "ebitda": 32294000000,
        "ebitdaratio": 0.06646592833929854,
        "operatingIncome": 22764000000,
        "operatingIncomeRatio": 0.04685174932544101,
        "totalOtherIncomeExpensesNet": -2267000000,
        "incomeBeforeTax": 20497000000,
        "incomeBeforeTaxRatio": 0.04218592101228099,
        "incomeTaxExpense": 6204000000,
        "netIncome": 13643000000,
        "netIncomeRatio": 0.02807935406989069,
        "eps": 4.4,
        "epsdiluted": 4.38,
        "weightedAverageShsOut": 3101000000,
        "weightedAverageShsOutDil": 3112000000,
        "link": "https://www.sec.gov/Archives/edgar/data/104169/000010416917000021/0000104169-17-000021-index.htm",
        "finalLink": "https://www.sec.gov/Archives/edgar/data/104169/000010416917000021/wmtform10-kx1312017.htm"
    },
    {
        "date": "2016-01-31",
        "symbol": "WMT",
        "reportedCurrency": "USD",
        "cik": "0000104169",
        "fillingDate": "2016-03-30",
        "acceptedDate": "2016-03-29 20:00:00",
        "calendarYear": "2016",
        "period": "FY",
        "revenue": 482130000000,
        "costOfRevenue": 360984000000,
        "grossProfit": 121146000000,
        "grossProfitRatio": 0.2512724783772012,
        "researchAndDevelopmentExpenses": 0,
        "generalAndAdministrativeExpenses": 0,
        "sellingAndMarketingExpenses": 0,
        "sellingGeneralAndAdministrativeExpenses": 97041000000,
        "otherExpenses": 0,
        "operatingExpenses": 97041000000,
        "costAndExpenses": 458025000000,
        "interestIncome": 81000000,
        "interestExpense": 2548000000,
        "depreciationAndAmortization": 9454000000,
        "ebitda": 33254000000,
        "ebitdaratio": 0.06897309854188705,
        "operatingIncome": 24105000000,
        "operatingIncomeRatio": 0.04999688880592371,
        "totalOtherIncomeExpensesNet": -2467000000,
        "incomeBeforeTax": 21638000000,
        "incomeBeforeTaxRatio": 0.04488001161512455,
        "incomeTaxExpense": 6558000000,
        "netIncome": 14694000000,
        "netIncomeRatio": 0.030477257171302344,
        "eps": 4.58,
        "epsdiluted": 4.57,
        "weightedAverageShsOut": 3207000000,
        "weightedAverageShsOutDil": 3217000000,
        "link": "https://www.sec.gov/Archives/edgar/data/104169/000010416916000079/0000104169-16-000079-index.htm",
        "finalLink": "https://www.sec.gov/Archives/edgar/data/104169/000010416916000079/wmtform10-kx1312016.htm"
    },
    {
        "date": "2015-01-31",
        "symbol": "WMT",
        "reportedCurrency": "USD",
        "cik": "0000104169",
        "fillingDate": "2015-04-01",
        "acceptedDate": "2015-03-31 20:00:00",
        "calendarYear": "2015",
        "period": "FY",
        "revenue": 485651000000,
        "costOfRevenue": 365086000000,
        "grossProfit": 120565000000,
        "grossProfitRatio": 0.24825440491216944,
        "researchAndDevelopmentExpenses": 0,
        "generalAndAdministrativeExpenses": 0,
        "sellingAndMarketingExpenses": 0,
        "sellingGeneralAndAdministrativeExpenses": 93418000000,
        "otherExpenses": 0,
        "operatingExpenses": 93418000000,
        "costAndExpenses": 458504000000,
        "interestIncome": 113000000,
        "interestExpense": 2461000000,
        "depreciationAndAmortization": 9173000000,
        "ebitda": 35982000000,
        "ebitdaratio": 0.07409024175797023,
        "operatingIncome": 27147000000,
        "operatingIncomeRatio": 0.055898165555100264,
        "totalOtherIncomeExpensesNet": -2348000000,
        "incomeBeforeTax": 24799000000,
        "incomeBeforeTaxRatio": 0.05106341796887065,
        "incomeTaxExpense": 7985000000,
        "netIncome": 16363000000,
        "netIncomeRatio": 0.03369291940096901,
        "eps": 5.07,
        "epsdiluted": 5.05,
        "weightedAverageShsOut": 3230000000,
        "weightedAverageShsOutDil": 3243000000,
        "link": "https://www.sec.gov/Archives/edgar/data/104169/000010416915000011/0000104169-15-000011-index.htm",
        "finalLink": "https://www.sec.gov/Archives/edgar/data/104169/000010416915000011/wmtform10-kx13115.htm"
    },
    {
        "date": "2014-01-31",
        "symbol": "WMT",
        "reportedCurrency": "USD",
        "cik": "0000104169",
        "fillingDate": "2014-03-21",
        "acceptedDate": "2014-03-20 20:00:00",
        "calendarYear": "2014",
        "period": "FY",
        "revenue": 476294000000,
        "costOfRevenue": 358069000000,
        "grossProfit": 118225000000,
        "grossProfitRatio": 0.24821853728999316,
        "researchAndDevelopmentExpenses": 0,
        "generalAndAdministrativeExpenses": 0,
        "sellingAndMarketingExpenses": 0,
        "sellingGeneralAndAdministrativeExpenses": 91353000000,
        "otherExpenses": 0,
        "operatingExpenses": 91353000000,
        "costAndExpenses": 449422000000,
        "interestIncome": 119000000,
        "interestExpense": 2335000000,
        "depreciationAndAmortization": 8870000000,
        "ebitda": 35332000000,
        "ebitdaratio": 0.07418107303472225,
        "operatingIncome": 26872000000,
        "operatingIncomeRatio": 0.05641893452363456,
        "totalOtherIncomeExpensesNet": -2216000000,
        "incomeBeforeTax": 24656000000,
        "incomeBeforeTaxRatio": 0.051766345996380386,
        "incomeTaxExpense": 8105000000,
        "netIncome": 16022000000,
        "netIncomeRatio": 0.03363888690598664,
        "eps": 4.9,
        "epsdiluted": 4.88,
        "weightedAverageShsOut": 3269000000,
        "weightedAverageShsOutDil": 3283000000,
        "link": "https://www.sec.gov/Archives/edgar/data/104169/000010416914000019/0000104169-14-000019-index.htm",
        "finalLink": "https://www.sec.gov/Archives/edgar/data/104169/000010416914000019/wmtform10-kx13114.htm"
    },
    {
        "date": "2013-01-31",
        "symbol": "WMT",
        "reportedCurrency": "USD",
        "cik": "0000104169",
        "fillingDate": "2013-03-26",
        "acceptedDate": "2013-03-25 20:00:00",
        "calendarYear": "2013",
        "period": "FY",
        "revenue": 469162000000,
        "costOfRevenue": 352488000000,
        "grossProfit": 116674000000,
        "grossProfitRatio": 0.24868595495798893,
        "researchAndDevelopmentExpenses": 0,
        "generalAndAdministrativeExpenses": 0,
        "sellingAndMarketingExpenses": 0,
        "sellingGeneralAndAdministrativeExpenses": 88873000000,
        "otherExpenses": 0,
        "operatingExpenses": 88873000000,
        "costAndExpenses": 441361000000,
        "interestIncome": 187000000,
        "interestExpense": 2251000000,
        "depreciationAndAmortization": 8501000000,
        "ebitda": 35732000000,
        "ebitdaratio": 0.07616132593858838,
        "operatingIncome": 27801000000,
        "operatingIncomeRatio": 0.059256717295944686,
        "totalOtherIncomeExpensesNet": -2064000000,
        "incomeBeforeTax": 25737000000,
        "incomeBeforeTaxRatio": 0.054857384016608335,
        "incomeTaxExpense": 7981000000,
        "netIncome": 16999000000,
        "netIncomeRatio": 0.036232687216782265,
        "eps": 5.04,
        "epsdiluted": 5.02,
        "weightedAverageShsOut": 3374000000,
        "weightedAverageShsOutDil": 3389000000,
        "link": "https://www.sec.gov/Archives/edgar/data/104169/000010416913000011/0000104169-13-000011-index.htm",
        "finalLink": "https://www.sec.gov/Archives/edgar/data/104169/000010416913000011/wmt10-k.htm"
    },
    {
        "date": "2012-01-31",
        "symbol": "WMT",
        "reportedCurrency": "USD",
        "cik": "0000104169",
        "fillingDate": "2012-03-27",
        "acceptedDate": "2012-03-26 20:00:00",
        "calendarYear": "2012",
        "period": "FY",
        "revenue": 446950000000,
        "costOfRevenue": 335127000000,
        "grossProfit": 111823000000,
        "grossProfitRatio": 0.25019129656561134,
        "researchAndDevelopmentExpenses": 0,
        "generalAndAdministrativeExpenses": 0,
        "sellingAndMarketingExpenses": 0,
        "sellingGeneralAndAdministrativeExpenses": 85265000000,
        "otherExpenses": 0,
        "operatingExpenses": 85265000000,
        "costAndExpenses": 420392000000,
        "interestIncome": 162000000,
        "interestExpense": 2322000000,
        "depreciationAndAmortization": 8130000000,
        "ebitda": 34095000000,
        "ebitdaratio": 0.07628370063765522,
        "operatingIncome": 26558000000,
        "operatingIncomeRatio": 0.05942051683633516,
        "totalOtherIncomeExpensesNet": -2160000000,
        "incomeBeforeTax": 24398000000,
        "incomeBeforeTaxRatio": 0.05458776149457434,
        "incomeTaxExpense": 7944000000,
        "netIncome": 15699000000,
        "netIncomeRatio": 0.03512473431032554,
        "eps": 4.54,
        "epsdiluted": 4.52,
        "weightedAverageShsOut": 3460000000,
        "weightedAverageShsOutDil": 3474000000,
        "link": "https://www.sec.gov/Archives/edgar/data/104169/000119312512134679/0001193125-12-134679-index.htm",
        "finalLink": "https://www.sec.gov/Archives/edgar/data/104169/000119312512134679/d270972d10k.htm"
    },
    {
        "date": "2011-01-31",
        "symbol": "WMT",
        "reportedCurrency": "USD",
        "cik": "0000104169",
        "fillingDate": "2011-03-30",
        "acceptedDate": "2011-03-29 20:00:00",
        "calendarYear": "2011",
        "period": "FY",
        "revenue": 421849000000,
        "costOfRevenue": 315287000000,
        "grossProfit": 106562000000,
        "grossProfitRatio": 0.2526069754817482,
        "researchAndDevelopmentExpenses": 0,
        "generalAndAdministrativeExpenses": 0,
        "sellingAndMarketingExpenses": 0,
        "sellingGeneralAndAdministrativeExpenses": 81020000000,
        "otherExpenses": 0,
        "operatingExpenses": 81020000000,
        "costAndExpenses": 396307000000,
        "interestIncome": 201000000,
        "interestExpense": 2205000000,
        "depreciationAndAmortization": 7641000000,
        "ebitda": 33814000000,
        "ebitdaratio": 0.08015664372796902,
        "operatingIncome": 25542000000,
        "operatingIncomeRatio": 0.06054773153426937,
        "totalOtherIncomeExpensesNet": -2004000000,
        "incomeBeforeTax": 23538000000,
        "incomeBeforeTaxRatio": 0.05579721653956748,
        "incomeTaxExpense": 7579000000,
        "netIncome": 16389000000,
        "netIncomeRatio": 0.03885039433541386,
        "eps": 4.48,
        "epsdiluted": 4.47,
        "weightedAverageShsOut": 3656000000,
        "weightedAverageShsOutDil": 3670000000,
        "link": "https://www.sec.gov/Archives/edgar/data/104169/000119312511083157/0001193125-11-083157-index.htm",
        "finalLink": "https://www.sec.gov/Archives/edgar/data/104169/000119312511083157/d10k.htm"
    },
    {
        "date": "2010-01-31",
        "symbol": "WMT",
        "reportedCurrency": "USD",
        "cik": "0000104169",
        "fillingDate": "2010-03-30",
        "acceptedDate": "2010-03-29 20:00:00",
        "calendarYear": "2010",
        "period": "FY",
        "revenue": 408214000000,
        "costOfRevenue": 304657000000,
        "grossProfit": 103557000000,
        "grossProfitRatio": 0.2536831171885335,
        "researchAndDevelopmentExpenses": 0,
        "generalAndAdministrativeExpenses": 0,
        "sellingAndMarketingExpenses": 0,
        "sellingGeneralAndAdministrativeExpenses": 79607000000,
        "otherExpenses": 0,
        "operatingExpenses": 79607000000,
        "costAndExpenses": 384264000000,
        "interestIncome": 181000000,
        "interestExpense": 2065000000,
        "depreciationAndAmortization": 7157000000,
        "ebitda": 30696000000,
        "ebitdaratio": 0.07519585315545278,
        "operatingIncome": 23950000000,
        "operatingIncomeRatio": 0.05867020729323345,
        "totalOtherIncomeExpensesNet": -1884000000,
        "incomeBeforeTax": 22066000000,
        "incomeBeforeTaxRatio": 0.054054980965865945,
        "incomeTaxExpense": 7139000000,
        "netIncome": 14335000000,
        "netIncomeRatio": 0.03511638503334036,
        "eps": 3.71,
        "epsdiluted": 3.7,
        "weightedAverageShsOut": 3866000000,
        "weightedAverageShsOutDil": 3877000000,
        "link": "https://www.sec.gov/Archives/edgar/data/104169/000119312510071652/0001193125-10-071652-index.htm",
        "finalLink": "https://www.sec.gov/Archives/edgar/data/104169/000119312510071652/d10k.htm"
    },
    {
        "date": "2009-01-31",
        "symbol": "WMT",
        "reportedCurrency": "USD",
        "cik": "0000104169",
        "fillingDate": "2009-01-31",
        "acceptedDate": "2009-01-30 19:00:00",
        "calendarYear": "2009",
        "period": "FY",
        "revenue": 405607000000,
        "costOfRevenue": 306158000000,
        "grossProfit": 99449000000,
        "grossProfitRatio": 0.2451856107019849,
        "researchAndDevelopmentExpenses": 0,
        "generalAndAdministrativeExpenses": 0,
        "sellingAndMarketingExpenses": 0,
        "sellingGeneralAndAdministrativeExpenses": 76651000000,
        "otherExpenses": 0,
        "operatingExpenses": 76651000000,
        "costAndExpenses": 382809000000,
        "interestIncome": 284000000,
        "interestExpense": 2184000000,
        "depreciationAndAmortization": 6739000000,
        "ebitda": 29468000000,
        "ebitdaratio": 0.07265160611133437,
        "operatingIncome": 22798000000,
        "operatingIncomeRatio": 0.056207116741081885,
        "totalOtherIncomeExpensesNet": -1900000000,
        "incomeBeforeTax": 20898000000,
        "incomeBeforeTaxRatio": 0.05152277943921086,
        "incomeTaxExpense": 7145000000,
        "netIncome": 13400000000,
        "netIncomeRatio": 0.033036905181616685,
        "eps": 3.4,
        "epsdiluted": 3.39,
        "weightedAverageShsOut": 3939000000,
        "weightedAverageShsOutDil": 3951000000,
        "link": "",
        "finalLink": ""
    },
    {
        "date": "2008-01-31",
        "symbol": "WMT",
        "reportedCurrency": "USD",
        "cik": "0000104169",
        "fillingDate": "2008-03-31",
        "acceptedDate": "2008-03-30 20:00:00",
        "calendarYear": "2008",
        "period": "FY",
        "revenue": 378799000000,
        "costOfRevenue": 286515000000,
        "grossProfit": 92284000000,
        "grossProfitRatio": 0.24362260724025142,
        "researchAndDevelopmentExpenses": 0,
        "generalAndAdministrativeExpenses": 0,
        "sellingAndMarketingExpenses": 0,
        "sellingGeneralAndAdministrativeExpenses": 70288000000,
        "otherExpenses": 0,
        "operatingExpenses": 70288000000,
        "costAndExpenses": 356803000000,
        "interestIncome": 305000000,
        "interestExpense": 2103000000,
        "depreciationAndAmortization": 6317000000,
        "ebitda": 28059000000,
        "ebitdaratio": 0.07407358519953854,
        "operatingIncome": 21996000000,
        "operatingIncomeRatio": 0.058067735131296545,
        "totalOtherIncomeExpensesNet": -1798000000,
        "incomeBeforeTax": 20198000000,
        "incomeBeforeTaxRatio": 0.053321154490904146,
        "incomeTaxExpense": 6908000000,
        "netIncome": 12731000000,
        "netIncomeRatio": 0.03360885324406875,
        "eps": 3.13,
        "epsdiluted": 3.13,
        "weightedAverageShsOut": 4066000000,
        "weightedAverageShsOutDil": 4072000000,
        "link": "https://www.sec.gov/Archives/edgar/data/104169/000119312508071085/0001193125-08-071085-index.htm",
        "finalLink": "https://www.sec.gov/Archives/edgar/data/104169/000119312508071085/d10k.htm"
    },
    {
        "date": "2007-01-31",
        "symbol": "WMT",
        "reportedCurrency": "USD",
        "cik": "0000104169",
        "fillingDate": "2007-03-27",
        "acceptedDate": "2007-03-26 20:00:00",
        "calendarYear": "2007",
        "period": "FY",
        "revenue": 348650000000,
        "costOfRevenue": 264152000000,
        "grossProfit": 84498000000,
        "grossProfitRatio": 0.24235766528036712,
        "researchAndDevelopmentExpenses": 0,
        "generalAndAdministrativeExpenses": 0,
        "sellingAndMarketingExpenses": 0,
        "sellingGeneralAndAdministrativeExpenses": 64001000000,
        "otherExpenses": 0,
        "operatingExpenses": 64001000000,
        "costAndExpenses": 328153000000,
        "interestIncome": 280000000,
        "interestExpense": 1809000000,
        "depreciationAndAmortization": 5459000000,
        "ebitda": 24917000000,
        "ebitdaratio": 0.0714670873368708,
        "operatingIncome": 20497000000,
        "operatingIncomeRatio": 0.05878961709450738,
        "totalOtherIncomeExpensesNet": -1529000000,
        "incomeBeforeTax": 18968000000,
        "incomeBeforeTaxRatio": 0.05440413021654955,
        "incomeTaxExpense": 6365000000,
        "netIncome": 11284000000,
        "netIncomeRatio": 0.032364835795210094,
        "eps": 2.71,
        "epsdiluted": 2.71,
        "weightedAverageShsOut": 4164000000,
        "weightedAverageShsOutDil": 4168000000,
        "link": "https://www.sec.gov/Archives/edgar/data/104169/000119312507065603/0001193125-07-065603-index.htm",
        "finalLink": "https://www.sec.gov/Archives/edgar/data/104169/000119312507065603/d10k.htm"
    },
    {
        "date": "2006-01-31",
        "symbol": "WMT",
        "reportedCurrency": "USD",
        "cik": "0000104169",
        "fillingDate": "2006-03-29",
        "acceptedDate": "2006-03-28 19:00:00",
        "calendarYear": "2006",
        "period": "FY",
        "revenue": 315654000000,
        "costOfRevenue": 240391000000,
        "grossProfit": 75263000000,
        "grossProfitRatio": 0.23843512200067163,
        "researchAndDevelopmentExpenses": 0,
        "generalAndAdministrativeExpenses": 0,
        "sellingAndMarketingExpenses": 0,
        "sellingGeneralAndAdministrativeExpenses": 56733000000,
        "otherExpenses": 0,
        "operatingExpenses": 56733000000,
        "costAndExpenses": 297124000000,
        "interestIncome": 248000000,
        "interestExpense": 1420000000,
        "depreciationAndAmortization": 4717000000,
        "ebitda": 23171000000,
        "ebitdaratio": 0.07340632464660672,
        "operatingIncome": 18530000000,
        "operatingIncomeRatio": 0.058703517142187335,
        "totalOtherIncomeExpensesNet": -1172000000,
        "incomeBeforeTax": 17358000000,
        "incomeBeforeTaxRatio": 0.05499059096352335,
        "incomeTaxExpense": 5803000000,
        "netIncome": 11231000000,
        "netIncomeRatio": 0.035580097195030004,
        "eps": 2.68,
        "epsdiluted": 2.68,
        "weightedAverageShsOut": 4183000000,
        "weightedAverageShsOutDil": 4188000000,
        "link": "https://www.sec.gov/Archives/edgar/data/104169/000119312506066792/0001193125-06-066792-index.htm",
        "finalLink": "https://www.sec.gov/Archives/edgar/data/104169/000119312506066792/d10k.htm"
    },
    {
        "date": "2005-01-31",
        "symbol": "WMT",
        "reportedCurrency": "USD",
        "cik": "0000104169",
        "fillingDate": "2005-01-31",
        "acceptedDate": "2005-01-30 19:00:00",
        "calendarYear": "2005",
        "period": "FY",
        "revenue": 287989000000,
        "costOfRevenue": 219793000000,
        "grossProfit": 68196000000,
        "grossProfitRatio": 0.23680071113827264,
        "researchAndDevelopmentExpenses": 0,
        "generalAndAdministrativeExpenses": 0,
        "sellingAndMarketingExpenses": 0,
        "sellingGeneralAndAdministrativeExpenses": 51105000000,
        "otherExpenses": 0,
        "operatingExpenses": 51105000000,
        "costAndExpenses": 270898000000,
        "interestIncome": 201000000,
        "interestExpense": 1187000000,
        "depreciationAndAmortization": 4405000000,
        "ebitda": 21448000000,
        "ebitdaratio": 0.07447506675602193,
        "operatingIncome": 17091000000,
        "operatingIncomeRatio": 0.059346016688137396,
        "totalOtherIncomeExpensesNet": -986000000,
        "incomeBeforeTax": 16105000000,
        "incomeBeforeTaxRatio": 0.05592227480910729,
        "incomeTaxExpense": 5589000000,
        "netIncome": 10267000000,
        "netIncomeRatio": 0.03565066721298383,
        "eps": 2.41,
        "epsdiluted": 2.41,
        "weightedAverageShsOut": 4259000000,
        "weightedAverageShsOutDil": 4266000000,
        "link": "",
        "finalLink": ""
    },
    {
        "date": "2004-01-31",
        "symbol": "WMT",
        "reportedCurrency": "USD",
        "cik": "0000104169",
        "fillingDate": "2004-01-31",
        "acceptedDate": "2004-01-30 19:00:00",
        "calendarYear": "2004",
        "period": "FY",
        "revenue": 258681000000,
        "costOfRevenue": 198747000000,
        "grossProfit": 59934000000,
        "grossProfitRatio": 0.23169076971250305,
        "researchAndDevelopmentExpenses": 0,
        "generalAndAdministrativeExpenses": 0,
        "sellingAndMarketingExpenses": 0,
        "sellingGeneralAndAdministrativeExpenses": 44909000000,
        "otherExpenses": 0,
        "operatingExpenses": 44909000000,
        "costAndExpenses": 243656000000,
        "interestIncome": 164000000,
        "interestExpense": 996000000,
        "depreciationAndAmortization": 3852000000,
        "ebitda": 19020000000,
        "ebitdaratio": 0.073526853537755,
        "operatingIncome": 15025000000,
        "operatingIncomeRatio": 0.05808312168269026,
        "totalOtherIncomeExpensesNet": -832000000,
        "incomeBeforeTax": 14193000000,
        "incomeBeforeTaxRatio": 0.05486680506105976,
        "incomeTaxExpense": 5118000000,
        "netIncome": 9054000000,
        "netIncomeRatio": 0.03500063785125309,
        "eps": 2.08,
        "epsdiluted": 2.07,
        "weightedAverageShsOut": 4363000000,
        "weightedAverageShsOutDil": 4373000000,
        "link": "",
        "finalLink": ""
    },
    {
        "date": "2003-01-31",
        "symbol": "WMT",
        "reportedCurrency": "USD",
        "cik": "0000104169",
        "fillingDate": "2003-01-31",
        "acceptedDate": "2003-01-30 19:00:00",
        "calendarYear": "2003",
        "period": "FY",
        "revenue": 246525000000,
        "costOfRevenue": 191838000000,
        "grossProfit": 54687000000,
        "grossProfitRatio": 0.2218314572558564,
        "researchAndDevelopmentExpenses": 0,
        "generalAndAdministrativeExpenses": 0,
        "sellingAndMarketingExpenses": 0,
        "sellingGeneralAndAdministrativeExpenses": 41043000000,
        "otherExpenses": 0,
        "operatingExpenses": 41043000000,
        "costAndExpenses": 232881000000,
        "interestIncome": 138000000,
        "interestExpense": 1063000000,
        "depreciationAndAmortization": 3432000000,
        "ebitda": 17021000000,
        "ebitdaratio": 0.06904370753473278,
        "operatingIncome": 13644000000,
        "operatingIncomeRatio": 0.05534529966534834,
        "totalOtherIncomeExpensesNet": -925000000,
        "incomeBeforeTax": 12719000000,
        "incomeBeforeTaxRatio": 0.05159314471148971,
        "incomeTaxExpense": 4487000000,
        "netIncome": 8039000000,
        "netIncomeRatio": 0.03260926883683196,
        "eps": 1.81,
        "epsdiluted": 1.81,
        "weightedAverageShsOut": 4430000000,
        "weightedAverageShsOutDil": 4446000000,
        "link": "",
        "finalLink": ""
    },
    {
        "date": "2002-01-31",
        "symbol": "WMT",
        "reportedCurrency": "USD",
        "cik": "0000104169",
        "fillingDate": "2002-01-31",
        "acceptedDate": "2002-01-30 19:00:00",
        "calendarYear": "2002",
        "period": "FY",
        "revenue": 219812000000,
        "costOfRevenue": 171562000000,
        "grossProfit": 48250000000,
        "grossProfitRatio": 0.21950575946718104,
        "researchAndDevelopmentExpenses": 0,
        "generalAndAdministrativeExpenses": 0,
        "sellingAndMarketingExpenses": 0,
        "sellingGeneralAndAdministrativeExpenses": 36173000000,
        "otherExpenses": 0,
        "operatingExpenses": 36173000000,
        "costAndExpenses": 207735000000,
        "interestIncome": 0,
        "interestExpense": 1326000000,
        "depreciationAndAmortization": 3290000000,
        "ebitda": 15184000000,
        "ebitdaratio": 0.06907721143522647,
        "operatingIncome": 12077000000,
        "operatingIncomeRatio": 0.054942405328189545,
        "totalOtherIncomeExpensesNet": -1326000000,
        "incomeBeforeTax": 10751000000,
        "incomeBeforeTaxRatio": 0.04890997761723655,
        "incomeTaxExpense": 3897000000,
        "netIncome": 6671000000,
        "netIncomeRatio": 0.03034866158353502,
        "eps": 1.49,
        "epsdiluted": 1.49,
        "weightedAverageShsOut": 4465000000,
        "weightedAverageShsOutDil": 4481000000,
        "link": "",
        "finalLink": ""
    },
    {
        "date": "2001-01-31",
        "symbol": "WMT",
        "reportedCurrency": "USD",
        "cik": "0000104169",
        "fillingDate": "2001-01-31",
        "acceptedDate": "2001-01-30 19:00:00",
        "calendarYear": "2001",
        "period": "FY",
        "revenue": 193295000000,
        "costOfRevenue": 150255000000,
        "grossProfit": 43040000000,
        "grossProfitRatio": 0.22266483871802167,
        "researchAndDevelopmentExpenses": 0,
        "generalAndAdministrativeExpenses": 0,
        "sellingAndMarketingExpenses": 0,
        "sellingGeneralAndAdministrativeExpenses": 31550000000,
        "otherExpenses": 0,
        "operatingExpenses": 31550000000,
        "costAndExpenses": 181805000000,
        "interestIncome": 0,
        "interestExpense": 1374000000,
        "depreciationAndAmortization": 2868000000,
        "ebitda": 14229000000,
        "ebitdaratio": 0.07361287151762849,
        "operatingIncome": 9524000000,
        "operatingIncomeRatio": 0.049271838381748104,
        "totalOtherIncomeExpensesNet": 592000000,
        "incomeBeforeTax": 10116000000,
        "incomeBeforeTaxRatio": 0.052334514602033165,
        "incomeTaxExpense": 3692000000,
        "netIncome": 6295000000,
        "netIncomeRatio": 0.03256680203833519,
        "eps": 1.41,
        "epsdiluted": 1.4,
        "weightedAverageShsOut": 4465000000,
        "weightedAverageShsOutDil": 4484000000,
        "link": "",
        "finalLink": ""
    },
    {
        "date": "2000-01-31",
        "symbol": "WMT",
        "reportedCurrency": "USD",
        "cik": "0000104169",
        "fillingDate": "2000-01-31",
        "acceptedDate": "2000-01-30 19:00:00",
        "calendarYear": "2000",
        "period": "FY",
        "revenue": 166809000000,
        "costOfRevenue": 129664000000,
        "grossProfit": 37145000000,
        "grossProfitRatio": 0.22267983142396394,
        "researchAndDevelopmentExpenses": 0,
        "generalAndAdministrativeExpenses": 0,
        "sellingAndMarketingExpenses": 0,
        "sellingGeneralAndAdministrativeExpenses": 27040000000,
        "otherExpenses": 0,
        "operatingExpenses": 27040000000,
        "costAndExpenses": 156704000000,
        "interestIncome": 0,
        "interestExpense": 1022000000,
        "depreciationAndAmortization": 2375000000,
        "ebitda": 12310000000,
        "ebitdaratio": 0.07379697738131635,
        "operatingIncome": 8309000000,
        "operatingIncomeRatio": 0.0498114610122955,
        "totalOtherIncomeExpensesNet": 774000000,
        "incomeBeforeTax": 9083000000,
        "incomeBeforeTaxRatio": 0.05445149842034902,
        "incomeTaxExpense": 3338000000,
        "netIncome": 5575000000,
        "netIncomeRatio": 0.033421458074804115,
        "eps": 1.21,
        "epsdiluted": 1.2,
        "weightedAverageShsOut": 4451000000,
        "weightedAverageShsOutDil": 4474000000,
        "link": "",
        "finalLink": ""
    },
    {
        "date": "1999-01-31",
        "symbol": "WMT",
        "reportedCurrency": "USD",
        "cik": "0000104169",
        "fillingDate": "1999-01-31",
        "acceptedDate": "1999-01-30 19:00:00",
        "calendarYear": "1999",
        "period": "FY",
        "revenue": 139208000000,
        "costOfRevenue": 108725000000,
        "grossProfit": 30483000000,
        "grossProfitRatio": 0.21897448422504454,
        "researchAndDevelopmentExpenses": 0,
        "generalAndAdministrativeExpenses": 0,
        "sellingAndMarketingExpenses": 0,
        "sellingGeneralAndAdministrativeExpenses": 22363000000,
        "otherExpenses": 0,
        "operatingExpenses": 22363000000,
        "costAndExpenses": 131088000000,
        "interestIncome": 0,
        "interestExpense": 797000000,
        "depreciationAndAmortization": 1872000000,
        "ebitda": 9839000000,
        "ebitdaratio": 0.07067840928682259,
        "operatingIncome": 6546000000,
        "operatingIncomeRatio": 0.047023159588529394,
        "totalOtherIncomeExpensesNet": 777000000,
        "incomeBeforeTax": 7323000000,
        "incomeBeforeTaxRatio": 0.05260473536003678,
        "incomeTaxExpense": 2740000000,
        "netIncome": 4430000000,
        "netIncomeRatio": 0.03182288374231366,
        "eps": 0.99,
        "epsdiluted": 0.99,
        "weightedAverageShsOut": 4464000000,
        "weightedAverageShsOutDil": 4485000000,
        "link": "",
        "finalLink": ""
    },
    {
        "date": "1998-01-31",
        "symbol": "WMT",
        "reportedCurrency": "USD",
        "cik": "0000104169",
        "fillingDate": "1998-01-31",
        "acceptedDate": "1998-01-30 19:00:00",
        "calendarYear": "1998",
        "period": "FY",
        "revenue": 119299000000,
        "costOfRevenue": 93438000000,
        "grossProfit": 25861000000,
        "grossProfitRatio": 0.21677465863083512,
        "researchAndDevelopmentExpenses": 0,
        "generalAndAdministrativeExpenses": 0,
        "sellingAndMarketingExpenses": 0,
        "sellingGeneralAndAdministrativeExpenses": 19358000000,
        "otherExpenses": 0,
        "operatingExpenses": 19358000000,
        "costAndExpenses": 112796000000,
        "interestIncome": 0,
        "interestExpense": 784000000,
        "depreciationAndAmortization": 1634000000,
        "ebitda": 8059000000,
        "ebitdaratio": 0.06755295517984225,
        "operatingIncome": 5162000000,
        "operatingIncomeRatio": 0.04326943226682537,
        "totalOtherIncomeExpensesNet": 557000000,
        "incomeBeforeTax": 5719000000,
        "incomeBeforeTaxRatio": 0.04793837333087453,
        "incomeTaxExpense": 2115000000,
        "netIncome": 3526000000,
        "netIncomeRatio": 0.02955598957241888,
        "eps": 0.78,
        "epsdiluted": 0.78,
        "weightedAverageShsOut": 4516000000,
        "weightedAverageShsOutDil": 4534000000,
        "link": "",
        "finalLink": ""
    },
    {
        "date": "1997-01-31",
        "symbol": "WMT",
        "reportedCurrency": "USD",
        "cik": "0000104169",
        "fillingDate": "1997-01-31",
        "acceptedDate": "1997-01-30 19:00:00",
        "calendarYear": "1997",
        "period": "FY",
        "revenue": 106146000000,
        "costOfRevenue": 83663000000,
        "grossProfit": 22483000000,
        "grossProfitRatio": 0.21181203248356037,
        "researchAndDevelopmentExpenses": 0,
        "generalAndAdministrativeExpenses": 0,
        "sellingAndMarketingExpenses": 0,
        "sellingGeneralAndAdministrativeExpenses": 16788000000,
        "otherExpenses": 0,
        "operatingExpenses": 16788000000,
        "costAndExpenses": 100451000000,
        "interestIncome": 0,
        "interestExpense": 845000000,
        "depreciationAndAmortization": 1463000000,
        "ebitda": 7158000000,
        "ebitdaratio": 0.06743541913967555,
        "operatingIncome": 4408000000,
        "operatingIncomeRatio": 0.04152770712038136,
        "totalOtherIncomeExpensesNet": 442000000,
        "incomeBeforeTax": 4850000000,
        "incomeBeforeTaxRatio": 0.0456917830158461,
        "incomeTaxExpense": 1794000000,
        "netIncome": 3056000000,
        "netIncomeRatio": 0.028790533793077458,
        "eps": 0.665,
        "epsdiluted": 0.665,
        "weightedAverageShsOut": 4595488722,
        "weightedAverageShsOutDil": 4595488722,
        "link": "",
        "finalLink": ""
    },
    {
        "date": "1996-01-31",
        "symbol": "WMT",
        "reportedCurrency": "USD",
        "cik": "0000104169",
        "fillingDate": "1996-01-31",
        "acceptedDate": "1996-01-30 19:00:00",
        "calendarYear": "1996",
        "period": "FY",
        "revenue": 94749000000,
        "costOfRevenue": 74564000000,
        "grossProfit": 20185000000,
        "grossProfitRatio": 0.21303654919840842,
        "researchAndDevelopmentExpenses": 0,
        "generalAndAdministrativeExpenses": 0,
        "sellingAndMarketingExpenses": 0,
        "sellingGeneralAndAdministrativeExpenses": 14951000000,
        "otherExpenses": 0,
        "operatingExpenses": 14951000000,
        "costAndExpenses": 89515000000,
        "interestIncome": 0,
        "interestExpense": 888000000,
        "depreciationAndAmortization": 1304000000,
        "ebitda": 6538000000,
        "ebitdaratio": 0.06900336679015082,
        "operatingIncome": 4112000000,
        "operatingIncomeRatio": 0.04339887492216277,
        "totalOtherIncomeExpensesNet": 234000000,
        "incomeBeforeTax": 4346000000,
        "incomeBeforeTaxRatio": 0.04586855797950374,
        "incomeTaxExpense": 1606000000,
        "netIncome": 2740000000,
        "netIncomeRatio": 0.028918511013308848,
        "eps": 0.595,
        "epsdiluted": 0.595,
        "weightedAverageShsOut": 4605042017,
        "weightedAverageShsOutDil": 4605042017,
        "link": "",
        "finalLink": ""
    },
    {
        "date": "1995-01-31",
        "symbol": "WMT",
        "reportedCurrency": "USD",
        "cik": "0000104169",
        "fillingDate": "1995-01-31",
        "acceptedDate": "1995-01-30 19:00:00",
        "calendarYear": "1995",
        "period": "FY",
        "revenue": 83412000000,
        "costOfRevenue": 65586000000,
        "grossProfit": 17826000000,
        "grossProfitRatio": 0.21371025751690403,
        "researchAndDevelopmentExpenses": 0,
        "generalAndAdministrativeExpenses": 0,
        "sellingAndMarketingExpenses": 0,
        "sellingGeneralAndAdministrativeExpenses": 12858000000,
        "otherExpenses": 0,
        "operatingExpenses": 12858000000,
        "costAndExpenses": 78444000000,
        "interestIncome": 0,
        "interestExpense": 706000000,
        "depreciationAndAmortization": 1070000000,
        "ebitda": 6038000000,
        "ebitdaratio": 0.07238766604325517,
        "operatingIncome": 4050000000,
        "operatingIncomeRatio": 0.048554164868364266,
        "totalOtherIncomeExpensesNet": 212000000,
        "incomeBeforeTax": 4262000000,
        "incomeBeforeTaxRatio": 0.051095765597276174,
        "incomeTaxExpense": 1581000000,
        "netIncome": 2681000000,
        "netIncomeRatio": 0.032141658274588786,
        "eps": 0.585,
        "epsdiluted": 0.585,
        "weightedAverageShsOut": 4582905983,
        "weightedAverageShsOutDil": 4582905983,
        "link": "",
        "finalLink": ""
    },
    {
        "date": "1994-01-31",
        "symbol": "WMT",
        "reportedCurrency": "USD",
        "cik": "0000104169",
        "fillingDate": "1994-01-31",
        "acceptedDate": "1994-01-30 19:00:00",
        "calendarYear": "1994",
        "period": "FY",
        "revenue": 67344600000,
        "costOfRevenue": 52595200000,
        "grossProfit": 14749400000,
        "grossProfitRatio": 0.21901384817787914,
        "researchAndDevelopmentExpenses": 0,
        "generalAndAdministrativeExpenses": 0,
        "sellingAndMarketingExpenses": 0,
        "sellingGeneralAndAdministrativeExpenses": 10333200000,
        "otherExpenses": 848700000,
        "operatingExpenses": 11181900000,
        "costAndExpenses": 63777100000,
        "interestIncome": 0,
        "interestExpense": 0,
        "depreciationAndAmortization": 848700000,
        "ebitda": 4540300000,
        "ebitdaratio": 0.06741891703269452,
        "operatingIncome": 3567500000,
        "operatingIncomeRatio": 0.0529738093328938,
        "totalOtherIncomeExpensesNet": 124100000,
        "incomeBeforeTax": 3691600000,
        "incomeBeforeTaxRatio": 0.05481657029665333,
        "incomeTaxExpense": 1358300000,
        "netIncome": 2333300000,
        "netIncomeRatio": 0.03464717289879218,
        "eps": 0.51,
        "epsdiluted": 0.51,
        "weightedAverageShsOut": 4575098039,
        "weightedAverageShsOutDil": 4575098039,
        "link": "",
        "finalLink": ""
    },
    {
        "date": "1993-01-31",
        "symbol": "WMT",
        "reportedCurrency": "USD",
        "cik": "0000104169",
        "fillingDate": "1993-01-31",
        "acceptedDate": "1993-01-30 19:00:00",
        "calendarYear": "1993",
        "period": "FY",
        "revenue": 55483800000,
        "costOfRevenue": 43525500000,
        "grossProfit": 11958300000,
        "grossProfitRatio": 0.2155277756750619,
        "researchAndDevelopmentExpenses": 0,
        "generalAndAdministrativeExpenses": 0,
        "sellingAndMarketingExpenses": 0,
        "sellingGeneralAndAdministrativeExpenses": 8320800000,
        "otherExpenses": 649100000,
        "operatingExpenses": 8969900000,
        "costAndExpenses": 52495400000,
        "interestIncome": 0,
        "interestExpense": 0,
        "depreciationAndAmortization": 649100000,
        "ebitda": 3815400000,
        "ebitdaratio": 0.06876601818909303,
        "operatingIncome": 2988400000,
        "operatingIncomeRatio": 0.05386076656609677,
        "totalOtherIncomeExpensesNet": 177900000,
        "incomeBeforeTax": 3166300000,
        "incomeBeforeTaxRatio": 0.05706710787653333,
        "incomeTaxExpense": 1171500000,
        "netIncome": 1994800000,
        "netIncomeRatio": 0.03595283668386087,
        "eps": 0.44,
        "epsdiluted": 0.44,
        "weightedAverageShsOut": 4533636364,
        "weightedAverageShsOutDil": 4533636364,
        "link": "",
        "finalLink": ""
    },
    {
        "date": "1992-01-31",
        "symbol": "WMT",
        "reportedCurrency": "USD",
        "cik": "0000104169",
        "fillingDate": "1992-01-31",
        "acceptedDate": "1992-01-30 19:00:00",
        "calendarYear": "1992",
        "period": "FY",
        "revenue": 43886900000,
        "costOfRevenue": 34310700000,
        "grossProfit": 9576200000,
        "grossProfitRatio": 0.21820178686578456,
        "researchAndDevelopmentExpenses": 0,
        "generalAndAdministrativeExpenses": 0,
        "sellingAndMarketingExpenses": 0,
        "sellingGeneralAndAdministrativeExpenses": 6684300000,
        "otherExpenses": 475400000,
        "operatingExpenses": 7159700000,
        "costAndExpenses": 41470400000,
        "interestIncome": 0,
        "interestExpense": 0,
        "depreciationAndAmortization": 475400000,
        "ebitda": 3028600000,
        "ebitdaratio": 0.06900920320186661,
        "operatingIncome": 2416500000,
        "operatingIncomeRatio": 0.05506198888506593,
        "totalOtherIncomeExpensesNet": 136700000,
        "incomeBeforeTax": 2553200000,
        "incomeBeforeTaxRatio": 0.05817681358218511,
        "incomeTaxExpense": 944700000,
        "netIncome": 1608500000,
        "netIncomeRatio": 0.03665102798329342,
        "eps": 0.35,
        "epsdiluted": 0.35,
        "weightedAverageShsOut": 4595714286,
        "weightedAverageShsOutDil": 4595714286,
        "link": "",
        "finalLink": ""
    },
    {
        "date": "1991-01-31",
        "symbol": "WMT",
        "reportedCurrency": "USD",
        "cik": "0000104169",
        "fillingDate": "1991-01-31",
        "acceptedDate": "1991-01-30 19:00:00",
        "calendarYear": "1991",
        "period": "FY",
        "revenue": 32601600000,
        "costOfRevenue": 25153200000,
        "grossProfit": 7448400000,
        "grossProfitRatio": 0.22846731448763252,
        "researchAndDevelopmentExpenses": 0,
        "generalAndAdministrativeExpenses": 0,
        "sellingAndMarketingExpenses": 0,
        "sellingGeneralAndAdministrativeExpenses": 5152200000,
        "otherExpenses": 346600000,
        "operatingExpenses": 5498800000,
        "costAndExpenses": 30652000000,
        "interestIncome": 0,
        "interestExpense": 0,
        "depreciationAndAmortization": 346600000,
        "ebitda": 2389300000,
        "ebitdaratio": 0.07328781409501374,
        "operatingIncome": 1949600000,
        "operatingIncomeRatio": 0.05980074597565763,
        "totalOtherIncomeExpensesNet": 93100000,
        "incomeBeforeTax": 2042700000,
        "incomeBeforeTaxRatio": 0.06265643404004712,
        "incomeTaxExpense": 751700000,
        "netIncome": 1291000000,
        "netIncomeRatio": 0.0395992834707499,
        "eps": 0.29,
        "epsdiluted": 0.29,
        "weightedAverageShsOut": 4451724138,
        "weightedAverageShsOutDil": 4451724138,
        "link": "",
        "finalLink": ""
    },
    {
        "date": "1990-01-31",
        "symbol": "WMT",
        "reportedCurrency": "USD",
        "cik": "0000104169",
        "fillingDate": "1990-01-31",
        "acceptedDate": "1990-01-30 19:00:00",
        "calendarYear": "1990",
        "period": "FY",
        "revenue": 25810700000,
        "costOfRevenue": 19800600000,
        "grossProfit": 6010100000,
        "grossProfitRatio": 0.23285304156803185,
        "researchAndDevelopmentExpenses": 0,
        "generalAndAdministrativeExpenses": 0,
        "sellingAndMarketingExpenses": 0,
        "sellingGeneralAndAdministrativeExpenses": 4069700000,
        "otherExpenses": 269400000,
        "operatingExpenses": 4339100000,
        "costAndExpenses": 24139700000,
        "interestIncome": 0,
        "interestExpense": 0,
        "depreciationAndAmortization": 269400000,
        "ebitda": 1976900000,
        "ebitdaratio": 0.07659226599821005,
        "operatingIncome": 1671000000,
        "operatingIncomeRatio": 0.06474059208002883,
        "totalOtherIncomeExpensesNet": 36500000,
        "incomeBeforeTax": 1707500000,
        "incomeBeforeTaxRatio": 0.06615473427686967,
        "incomeTaxExpense": 631600000,
        "netIncome": 1075900000,
        "netIncomeRatio": 0.041684262728248364,
        "eps": 0.24,
        "epsdiluted": 0.24,
        "weightedAverageShsOut": 4482916667,
        "weightedAverageShsOutDil": 4482916667,
        "link": "",
        "finalLink": ""
    },
    {
        "date": "1989-01-31",
        "symbol": "WMT",
        "reportedCurrency": "USD",
        "cik": "0000104169",
        "fillingDate": "1989-01-31",
        "acceptedDate": "1989-01-30 19:00:00",
        "calendarYear": "1989",
        "period": "FY",
        "revenue": 20649000000,
        "costOfRevenue": 15843200000,
        "grossProfit": 4805800000,
        "grossProfitRatio": 0.23273766284081554,
        "researchAndDevelopmentExpenses": 0,
        "generalAndAdministrativeExpenses": 0,
        "sellingAndMarketingExpenses": 0,
        "sellingGeneralAndAdministrativeExpenses": 3267900000,
        "otherExpenses": 213600000,
        "operatingExpenses": 3481500000,
        "costAndExpenses": 19324700000,
        "interestIncome": 0,
        "interestExpense": 0,
        "depreciationAndAmortization": 213600000,
        "ebitda": 1539000000,
        "ebitdaratio": 0.07453145430771466,
        "operatingIncome": 1324300000,
        "operatingIncomeRatio": 0.06413385636108286,
        "totalOtherIncomeExpensesNet": 1100000,
        "incomeBeforeTax": 1325400000,
        "incomeBeforeTaxRatio": 0.06418712770594218,
        "incomeTaxExpense": 488200000,
        "netIncome": 837200000,
        "netIncomeRatio": 0.04054433628747155,
        "eps": 0.19,
        "epsdiluted": 0.19,
        "weightedAverageShsOut": 4406315789,
        "weightedAverageShsOutDil": 4406315789,
        "link": "",
        "finalLink": ""
    },
    {
        "date": "1988-01-31",
        "symbol": "WMT",
        "reportedCurrency": "USD",
        "cik": "0000104169",
        "fillingDate": "1988-01-31",
        "acceptedDate": "1988-01-30 19:00:00",
        "calendarYear": "1988",
        "period": "FY",
        "revenue": 15959300000,
        "costOfRevenue": 12115800000,
        "grossProfit": 3843500000,
        "grossProfitRatio": 0.24083136478416972,
        "researchAndDevelopmentExpenses": 0,
        "generalAndAdministrativeExpenses": 0,
        "sellingAndMarketingExpenses": 0,
        "sellingGeneralAndAdministrativeExpenses": 2599400000,
        "otherExpenses": 166000000,
        "operatingExpenses": 2765400000,
        "costAndExpenses": 14881200000,
        "interestIncome": 0,
        "interestExpense": 0,
        "depreciationAndAmortization": 166000000,
        "ebitda": 1234600000,
        "ebitdaratio": 0.07735928267530531,
        "operatingIncome": 1078100000,
        "operatingIncomeRatio": 0.06755308816802742,
        "totalOtherIncomeExpensesNet": -9500000,
        "incomeBeforeTax": 1068600000,
        "incomeBeforeTaxRatio": 0.06695782396471023,
        "incomeTaxExpense": 441000000,
        "netIncome": 627600000,
        "netIncomeRatio": 0.03932503305282813,
        "eps": 0.14,
        "epsdiluted": 0.14,
        "weightedAverageShsOut": 4482857143,
        "weightedAverageShsOutDil": 4482857143,
        "link": "",
        "finalLink": ""
    },
    {
        "date": "1987-01-31",
        "symbol": "WMT",
        "reportedCurrency": "USD",
        "cik": "0000104169",
        "fillingDate": "1987-01-31",
        "acceptedDate": "1987-01-30 19:00:00",
        "calendarYear": "1987",
        "period": "FY",
        "revenue": 11909100000,
        "costOfRevenue": 8929600000,
        "grossProfit": 2979500000,
        "grossProfitRatio": 0.2501868319184489,
        "researchAndDevelopmentExpenses": 0,
        "generalAndAdministrativeExpenses": 0,
        "sellingAndMarketingExpenses": 0,
        "sellingGeneralAndAdministrativeExpenses": 2007600000,
        "otherExpenses": 123600000,
        "operatingExpenses": 2131200000,
        "costAndExpenses": 11060800000,
        "interestIncome": 0,
        "interestExpense": 0,
        "depreciationAndAmortization": 123600000,
        "ebitda": 969600000,
        "ebitdaratio": 0.08141673174295287,
        "operatingIncome": 848300000,
        "operatingIncomeRatio": 0.07123124333492875,
        "totalOtherIncomeExpensesNet": -2300000,
        "incomeBeforeTax": 846000000,
        "incomeBeforeTaxRatio": 0.07103811371136358,
        "incomeTaxExpense": 395900000,
        "netIncome": 450100000,
        "netIncomeRatio": 0.03779462763768883,
        "eps": 0.1,
        "epsdiluted": 0.1,
        "weightedAverageShsOut": 4498000000,
        "weightedAverageShsOutDil": 4498000000,
        "link": "",
        "finalLink": ""
    },
    {
        "date": "1986-01-31",
        "symbol": "WMT",
        "reportedCurrency": "USD",
        "cik": "0000104169",
        "fillingDate": "1986-01-31",
        "acceptedDate": "1986-01-30 19:00:00",
        "calendarYear": "1986",
        "period": "FY",
        "revenue": 8464500000,
        "costOfRevenue": 6271600000,
        "grossProfit": 2192900000,
        "grossProfitRatio": 0.259070234508831,
        "researchAndDevelopmentExpenses": 0,
        "generalAndAdministrativeExpenses": 0,
        "sellingAndMarketingExpenses": 0,
        "sellingGeneralAndAdministrativeExpenses": 1485200000,
        "otherExpenses": 89700000,
        "operatingExpenses": 1574900000,
        "costAndExpenses": 7846500000,
        "interestIncome": 0,
        "interestExpense": 0,
        "depreciationAndAmortization": 89700000,
        "ebitda": 693300000,
        "ebitdaratio": 0.08190678716994507,
        "operatingIncome": 618000000,
        "operatingIncomeRatio": 0.07301080985291511,
        "totalOtherIncomeExpensesNet": -14400000,
        "incomeBeforeTax": 603600000,
        "incomeBeforeTaxRatio": 0.07130958709906078,
        "incomeTaxExpense": 276100000,
        "netIncome": 327500000,
        "netIncomeRatio": 0.038691003603284306,
        "eps": 0.08,
        "epsdiluted": 0.08,
        "weightedAverageShsOut": 4087500000,
        "weightedAverageShsOutDil": 4087500000,
        "link": "",
        "finalLink": ""
    }
]