[
    {
        "date": "2021-12-31",
        "symbol": "XOM",
        "reportedCurrency": "USD",
        "cik": "0000034088",
        "fillingDate": "2022-02-23",
        "acceptedDate": "2022-02-23 16:11:16",
        "calendarYear": "2021",
        "period": "FY",
        "revenue": 276692000000,
        "costOfRevenue": 211806000000,
        "grossProfit": 64886000000,
        "grossProfitRatio": 0.23450623798302805,
        "researchAndDevelopmentExpenses": 0,
        "generalAndAdministrativeExpenses": 0,
        "sellingAndMarketingExpenses": 0,
        "sellingGeneralAndAdministrativeExpenses": 9574000000,
        "otherExpenses": 31293000000,
        "operatingExpenses": 40867000000,
        "costAndExpenses": 252673000000,
        "interestIncome": null,
        "interestExpense": 947000000,
        "depreciationAndAmortization": 20607000000,
        "ebitda": 52230000000,
        "ebitdaratio": 0.1887658479464531,
        "operatingIncome": 24019000000,
        "operatingIncomeRatio": 0.0868077139924537,
        "totalOtherIncomeExpensesNet": 7215000000,
        "incomeBeforeTax": 31234000000,
        "incomeBeforeTaxRatio": 0.11288363957035259,
        "incomeTaxExpense": 7636000000,
        "netIncome": 23040000000,
        "netIncomeRatio": 0.08326948375811372,
        "eps": 5.39,
        "epsdiluted": 5.39,
        "weightedAverageShsOut": 4274285714,
        "weightedAverageShsOutDil": 4274285714,
        "link": "https://www.sec.gov/Archives/edgar/data/34088/000003408822000011/0000034088-22-000011-index.htm",
        "finalLink": "https://www.sec.gov/Archives/edgar/data/34088/000003408822000011/xom-20211231.htm"
    },
    {
        "date": "2020-12-31",
        "symbol": "XOM",
        "reportedCurrency": "USD",
        "cik": "0000034088",
        "fillingDate": "2021-02-24",
        "acceptedDate": "2021-02-24 17:01:02",
        "calendarYear": "2020",
        "period": "FY",
        "revenue": 178574000000,
        "costOfRevenue": 170447000000,
        "grossProfit": 8127000000,
        "grossProfitRatio": 0.04551054464815707,
        "researchAndDevelopmentExpenses": 0,
        "generalAndAdministrativeExpenses": 10168000000,
        "sellingAndMarketingExpenses": 0,
        "sellingGeneralAndAdministrativeExpenses": 10168000000,
        "otherExpenses": 27407000000,
        "operatingExpenses": 37575000000,
        "costAndExpenses": 208022000000,
        "interestIncome": 0,
        "interestExpense": 1158000000,
        "depreciationAndAmortization": 46009000000,
        "ebitda": 19095000000,
        "ebitdaratio": 0.1069304602013731,
        "operatingIncome": -29448000000,
        "operatingIncomeRatio": -0.164906425347475,
        "totalOtherIncomeExpensesNet": 565000000,
        "incomeBeforeTax": -28883000000,
        "incomeBeforeTaxRatio": -0.16174247090841892,
        "incomeTaxExpense": -5632000000,
        "netIncome": -22440000000,
        "netIncomeRatio": -0.1256621904644573,
        "eps": -5.25,
        "epsdiluted": -5.25,
        "weightedAverageShsOut": 4274285714,
        "weightedAverageShsOutDil": 4274285714,
        "link": "https://www.sec.gov/Archives/edgar/data/34088/000003408821000012/0000034088-21-000012-index.htm",
        "finalLink": "https://www.sec.gov/Archives/edgar/data/34088/000003408821000012/xom-20201231.htm"
    },
    {
        "date": "2019-12-31",
        "symbol": "XOM",
        "reportedCurrency": "USD",
        "cik": "0000034088",
        "fillingDate": "2020-02-26",
        "acceptedDate": "2020-02-26 16:15:19",
        "calendarYear": "2019",
        "period": "FY",
        "revenue": 255583000000,
        "costOfRevenue": 199625000000,
        "grossProfit": 55958000000,
        "grossProfitRatio": 0.21894257442787665,
        "researchAndDevelopmentExpenses": 0,
        "generalAndAdministrativeExpenses": 11398000000,
        "sellingAndMarketingExpenses": 0,
        "sellingGeneralAndAdministrativeExpenses": 11398000000,
        "otherExpenses": 31794000000,
        "operatingExpenses": 43192000000,
        "costAndExpenses": 242817000000,
        "interestIncome": 0,
        "interestExpense": 830000000,
        "depreciationAndAmortization": 0,
        "ebitda": 20452000000,
        "ebitdaratio": 0.08002097166086947,
        "operatingIncome": 12766000000,
        "operatingIncomeRatio": 0.04994854900365048,
        "totalOtherIncomeExpensesNet": 7290000000,
        "incomeBeforeTax": 20056000000,
        "incomeBeforeTaxRatio": 0.07847157283543897,
        "incomeTaxExpense": 5282000000,
        "netIncome": 14340000000,
        "netIncomeRatio": 0.056107018072407006,
        "eps": 3.36,
        "epsdiluted": 3.36,
        "weightedAverageShsOut": 4234000000,
        "weightedAverageShsOutDil": 4270000000,
        "link": "https://www.sec.gov/Archives/edgar/data/34088/000003408820000016/0000034088-20-000016-index.html",
        "finalLink": "https://www.sec.gov/Archives/edgar/data/34088/000003408820000016/xom10k2019.htm"
    },
    {
        "date": "2018-12-31",
        "symbol": "XOM",
        "reportedCurrency": "USD",
        "cik": "0000034088",
        "fillingDate": "2019-02-27",
        "acceptedDate": "2019-02-27 16:19:37",
        "calendarYear": "2018",
        "period": "FY",
        "revenue": 279332000000,
        "costOfRevenue": 211599000000,
        "grossProfit": 67733000000,
        "grossProfitRatio": 0.24248206435352915,
        "researchAndDevelopmentExpenses": 0,
        "generalAndAdministrativeExpenses": 11480000000,
        "sellingAndMarketingExpenses": 0,
        "sellingGeneralAndAdministrativeExpenses": 11480000000,
        "otherExpenses": 34129000000,
        "operatingExpenses": 45609000000,
        "costAndExpenses": 257208000000,
        "interestIncome": 0,
        "interestExpense": 766000000,
        "depreciationAndAmortization": 18745000000,
        "ebitda": 49883000000,
        "ebitdaratio": 0.17857961135852676,
        "operatingIncome": 22124000000,
        "operatingIncomeRatio": 0.07920324202024831,
        "totalOtherIncomeExpensesNet": 8829000000,
        "incomeBeforeTax": 30953000000,
        "incomeBeforeTaxRatio": 0.11081079145962511,
        "incomeTaxExpense": 9532000000,
        "netIncome": 20840000000,
        "netIncomeRatio": 0.0746065613678347,
        "eps": 4.88,
        "epsdiluted": 4.88,
        "weightedAverageShsOut": 4237000000,
        "weightedAverageShsOutDil": 4237000000,
        "link": "https://www.sec.gov/Archives/edgar/data/34088/000003408819000010/0000034088-19-000010-index.html",
        "finalLink": "https://www.sec.gov/Archives/edgar/data/34088/000003408819000010/xom10k2018.htm"
    },
    {
        "date": "2017-12-31",
        "symbol": "XOM",
        "reportedCurrency": "USD",
        "cik": "0000034088",
        "fillingDate": "2018-02-28",
        "acceptedDate": "2018-02-28 16:39:51",
        "calendarYear": "2017",
        "period": "FY",
        "revenue": 237162000000,
        "costOfRevenue": 182238000000,
        "grossProfit": 54924000000,
        "grossProfitRatio": 0.23158853441951072,
        "researchAndDevelopmentExpenses": 0,
        "generalAndAdministrativeExpenses": 10956000000,
        "sellingAndMarketingExpenses": 0,
        "sellingGeneralAndAdministrativeExpenses": 10956000000,
        "otherExpenses": 31894000000,
        "operatingExpenses": 42850000000,
        "costAndExpenses": 225088000000,
        "interestIncome": 0,
        "interestExpense": 601000000,
        "depreciationAndAmortization": 19893000000,
        "ebitda": 39030000000,
        "ebitdaratio": 0.1645710526981557,
        "operatingIncome": 12074000000,
        "operatingIncomeRatio": 0.050910348200807885,
        "totalOtherIncomeExpensesNet": 6600000000,
        "incomeBeforeTax": 18674000000,
        "incomeBeforeTaxRatio": 0.0787394270582977,
        "incomeTaxExpense": -1174000000,
        "netIncome": 19710000000,
        "netIncomeRatio": 0.08310774913350367,
        "eps": 4.63,
        "epsdiluted": 4.63,
        "weightedAverageShsOut": 4256000000,
        "weightedAverageShsOutDil": 4256000000,
        "link": "https://www.sec.gov/Archives/edgar/data/34088/000003408818000015/0000034088-18-000015-index.html",
        "finalLink": "https://www.sec.gov/Archives/edgar/data/34088/000003408818000015/xom10k2017.htm"
    },
    {
        "date": "2016-12-31",
        "symbol": "XOM",
        "reportedCurrency": "USD",
        "cik": "0000034088",
        "fillingDate": "2017-02-22",
        "acceptedDate": "2017-02-22 16:47:56",
        "calendarYear": "2016",
        "period": "FY",
        "revenue": 218608000000,
        "costOfRevenue": 179496000000,
        "grossProfit": 39112000000,
        "grossProfitRatio": 0.17891385493669032,
        "researchAndDevelopmentExpenses": 0,
        "generalAndAdministrativeExpenses": 10799000000,
        "sellingAndMarketingExpenses": 0,
        "sellingGeneralAndAdministrativeExpenses": 10799000000,
        "otherExpenses": 27377000000,
        "operatingExpenses": 38176000000,
        "costAndExpenses": 217672000000,
        "interestIncome": 0,
        "interestExpense": 453000000,
        "depreciationAndAmortization": 22308000000,
        "ebitda": 30195000000,
        "ebitdaratio": 0.1381239478884579,
        "operatingIncome": 936000000,
        "operatingIncomeRatio": 0.004281636536631779,
        "totalOtherIncomeExpensesNet": 7033000000,
        "incomeBeforeTax": 7969000000,
        "incomeBeforeTaxRatio": 0.03645337773549001,
        "incomeTaxExpense": -406000000,
        "netIncome": 7840000000,
        "netIncomeRatio": 0.03586328039230037,
        "eps": 1.88,
        "epsdiluted": 1.88,
        "weightedAverageShsOut": 4170212766,
        "weightedAverageShsOutDil": 4170212766,
        "link": "https://www.sec.gov/Archives/edgar/data/34088/000003408817000017/0000034088-17-000017-index.html",
        "finalLink": "https://www.sec.gov/Archives/edgar/data/34088/000003408817000017/xom10k2016.htm"
    },
    {
        "date": "2015-12-31",
        "symbol": "XOM",
        "reportedCurrency": "USD",
        "cik": "0000034088",
        "fillingDate": "2016-02-24",
        "acceptedDate": "2016-02-24 16:09:22",
        "calendarYear": "2015",
        "period": "FY",
        "revenue": 259488000000,
        "costOfRevenue": 206316000000,
        "grossProfit": 53172000000,
        "grossProfitRatio": 0.20491120976692564,
        "researchAndDevelopmentExpenses": 0,
        "generalAndAdministrativeExpenses": 11501000000,
        "sellingAndMarketingExpenses": 0,
        "sellingGeneralAndAdministrativeExpenses": 11501000000,
        "otherExpenses": 28788000000,
        "operatingExpenses": 40289000000,
        "costAndExpenses": 246605000000,
        "interestIncome": 0,
        "interestExpense": 311000000,
        "depreciationAndAmortization": 18048000000,
        "ebitda": 39924000000,
        "ebitdaratio": 0.1538568257491676,
        "operatingIncome": 12883000000,
        "operatingIncomeRatio": 0.04964776791219633,
        "totalOtherIncomeExpensesNet": 9083000000,
        "incomeBeforeTax": 21966000000,
        "incomeBeforeTaxRatio": 0.08465131335553089,
        "incomeTaxExpense": 5415000000,
        "netIncome": 16150000000,
        "netIncomeRatio": 0.062237945492662476,
        "eps": 3.85,
        "epsdiluted": 3.85,
        "weightedAverageShsOut": 4194805195,
        "weightedAverageShsOutDil": 4194805195,
        "link": "https://www.sec.gov/Archives/edgar/data/34088/000003408816000065/0000034088-16-000065-index.html",
        "finalLink": "https://www.sec.gov/Archives/edgar/data/34088/000003408816000065/xom10k2015.htm"
    },
    {
        "date": "2014-12-31",
        "symbol": "XOM",
        "reportedCurrency": "USD",
        "cik": "0000034088",
        "fillingDate": "2015-02-25",
        "acceptedDate": "2015-02-25 16:26:23",
        "calendarYear": "2014",
        "period": "FY",
        "revenue": 394105000000,
        "costOfRevenue": 313470000000,
        "grossProfit": 80635000000,
        "grossProfitRatio": 0.20460283427005493,
        "researchAndDevelopmentExpenses": 0,
        "generalAndAdministrativeExpenses": 12598000000,
        "sellingAndMarketingExpenses": 0,
        "sellingGeneralAndAdministrativeExpenses": 12598000000,
        "otherExpenses": 33955000000,
        "operatingExpenses": 46553000000,
        "costAndExpenses": 360023000000,
        "interestIncome": 0,
        "interestExpense": 286000000,
        "depreciationAndAmortization": 17297000000,
        "ebitda": 68118000000,
        "ebitdaratio": 0.17284226284873322,
        "operatingIncome": 34082000000,
        "operatingIncomeRatio": 0.08647949150607072,
        "totalOtherIncomeExpensesNet": 17548000000,
        "incomeBeforeTax": 51630000000,
        "incomeBeforeTaxRatio": 0.1310056964514533,
        "incomeTaxExpense": 18015000000,
        "netIncome": 32520000000,
        "netIncomeRatio": 0.08251608073990434,
        "eps": 7.6,
        "epsdiluted": 7.6,
        "weightedAverageShsOut": 4278947368,
        "weightedAverageShsOutDil": 4278947368,
        "link": "https://www.sec.gov/Archives/edgar/data/34088/000003408815000013/xom10k2014.htm",
        "finalLink": "https://www.sec.gov/Archives/edgar/data/34088/000003408815000013/xom10k2014.htm"
    },
    {
        "date": "2013-12-31",
        "symbol": "XOM",
        "reportedCurrency": "USD",
        "cik": "0000034088",
        "fillingDate": "2014-02-26",
        "acceptedDate": "2014-02-26 16:07:02",
        "calendarYear": "2013",
        "period": "FY",
        "revenue": 420836000000,
        "costOfRevenue": 332452000000,
        "grossProfit": 88384000000,
        "grossProfitRatio": 0.21002005531846135,
        "researchAndDevelopmentExpenses": 0,
        "generalAndAdministrativeExpenses": 12877000000,
        "sellingAndMarketingExpenses": 0,
        "sellingGeneralAndAdministrativeExpenses": 12877000000,
        "otherExpenses": 35206000000,
        "operatingExpenses": 48083000000,
        "costAndExpenses": 380535000000,
        "interestIncome": 0,
        "interestExpense": 9000000,
        "depreciationAndAmortization": 17182000000,
        "ebitda": 74034000000,
        "ebitdaratio": 0.1759212614890361,
        "operatingIncome": 40301000000,
        "operatingIncomeRatio": 0.09576414565293843,
        "totalOtherIncomeExpensesNet": 17410000000,
        "incomeBeforeTax": 57711000000,
        "incomeBeforeTaxRatio": 0.13713418053588572,
        "incomeTaxExpense": 24263000000,
        "netIncome": 32580000000,
        "netIncomeRatio": 0.0774173312169111,
        "eps": 7.37,
        "epsdiluted": 7.37,
        "weightedAverageShsOut": 4420624152,
        "weightedAverageShsOutDil": 4420624152,
        "link": "https://www.sec.gov/Archives/edgar/data/34088/000003408814000012/xom10k2013.htm",
        "finalLink": "https://www.sec.gov/Archives/edgar/data/34088/000003408814000012/xom10k2013.htm"
    },
    {
        "date": "2012-12-31",
        "symbol": "XOM",
        "reportedCurrency": "USD",
        "cik": "0000034088",
        "fillingDate": "2012-12-31",
        "acceptedDate": "2012-12-30 19:00:00",
        "calendarYear": "2012",
        "period": "FY",
        "revenue": 453123000000,
        "costOfRevenue": 351967000000,
        "grossProfit": 101156000000,
        "grossProfitRatio": 0.2232418129293812,
        "researchAndDevelopmentExpenses": 0,
        "generalAndAdministrativeExpenses": 0,
        "sellingAndMarketingExpenses": 0,
        "sellingGeneralAndAdministrativeExpenses": 13877000000,
        "otherExpenses": 37398000000,
        "operatingExpenses": 51275000000,
        "costAndExpenses": 403242000000,
        "interestIncome": null,
        "interestExpense": 327000000,
        "depreciationAndAmortization": 15888000000,
        "ebitda": 92140000000,
        "ebitdaratio": 0.20334434579573316,
        "operatingIncome": 49881000000,
        "operatingIncomeRatio": 0.11008269277878192,
        "totalOtherIncomeExpensesNet": 28845000000,
        "incomeBeforeTax": 78726000000,
        "incomeBeforeTaxRatio": 0.1737409047874418,
        "incomeTaxExpense": 31045000000,
        "netIncome": 44880000000,
        "netIncomeRatio": 0.09904595440972981,
        "eps": 9.7,
        "epsdiluted": 9.7,
        "weightedAverageShsOut": 4628000000,
        "weightedAverageShsOutDil": 4628000000,
        "link": "",
        "finalLink": ""
    },
    {
        "date": "2011-12-31",
        "symbol": "XOM",
        "reportedCurrency": "USD",
        "cik": "0000034088",
        "fillingDate": "2012-02-24",
        "acceptedDate": "2012-02-24 16:08:32",
        "calendarYear": "2011",
        "period": "FY",
        "revenue": 471140000000,
        "costOfRevenue": 340305000000,
        "grossProfit": 130835000000,
        "grossProfitRatio": 0.27769877318843655,
        "researchAndDevelopmentExpenses": 0,
        "generalAndAdministrativeExpenses": 14983000000,
        "sellingAndMarketingExpenses": 0,
        "sellingGeneralAndAdministrativeExpenses": 14983000000,
        "otherExpenses": 57637000000,
        "operatingExpenses": 72620000000,
        "costAndExpenses": 412925000000,
        "interestIncome": 0,
        "interestExpense": 247000000,
        "depreciationAndAmortization": 0,
        "ebitda": 72358000000,
        "ebitdaratio": 0.15358067665662012,
        "operatingIncome": 58215000000,
        "operatingIncomeRatio": 0.12356199855669228,
        "totalOtherIncomeExpensesNet": 15042000000,
        "incomeBeforeTax": 73257000000,
        "incomeBeforeTaxRatio": 0.15548881436515685,
        "incomeTaxExpense": 31051000000,
        "netIncome": 41060000000,
        "netIncomeRatio": 0.08715031625419196,
        "eps": 8.43,
        "epsdiluted": 8.42,
        "weightedAverageShsOut": 4870699881,
        "weightedAverageShsOutDil": 4875000000,
        "link": "https://www.sec.gov/Archives/edgar/data/34088/000119312512078102/0001193125-12-078102-index.html",
        "finalLink": "https://www.sec.gov/Archives/edgar/data/34088/000119312512078102/d257530d10k.htm"
    },
    {
        "date": "2010-12-31",
        "symbol": "XOM",
        "reportedCurrency": "USD",
        "cik": "0000034088",
        "fillingDate": "2011-02-25",
        "acceptedDate": "2011-02-25 16:07:35",
        "calendarYear": "2010",
        "period": "FY",
        "revenue": 372544000000,
        "costOfRevenue": 262298000000,
        "grossProfit": 110246000000,
        "grossProfitRatio": 0.29592746091736816,
        "researchAndDevelopmentExpenses": 0,
        "generalAndAdministrativeExpenses": 14683000000,
        "sellingAndMarketingExpenses": 0,
        "sellingGeneralAndAdministrativeExpenses": 14683000000,
        "otherExpenses": 53022000000,
        "operatingExpenses": 67705000000,
        "costAndExpenses": 330003000000,
        "interestIncome": 0,
        "interestExpense": 259000000,
        "depreciationAndAmortization": 0,
        "ebitda": 52280000000,
        "ebitdaratio": 0.14033241711046213,
        "operatingIncome": 42541000000,
        "operatingIncomeRatio": 0.11419053856725649,
        "totalOtherIncomeExpensesNet": 10418000000,
        "incomeBeforeTax": 52959000000,
        "incomeBeforeTaxRatio": 0.14215502061501462,
        "incomeTaxExpense": 21561000000,
        "netIncome": 30460000000,
        "netIncomeRatio": 0.08176215426902594,
        "eps": 6.24,
        "epsdiluted": 6.22,
        "weightedAverageShsOut": 4885000000,
        "weightedAverageShsOutDil": 4897000000,
        "link": "https://www.sec.gov/Archives/edgar/data/34088/000119312511047394/d10k.htm",
        "finalLink": "https://www.sec.gov/Archives/edgar/data/34088/000119312511047394/d10k.htm"
    },
    {
        "date": "2009-12-31",
        "symbol": "XOM",
        "reportedCurrency": "USD",
        "cik": "0000034088",
        "fillingDate": "2010-02-26",
        "acceptedDate": "2010-02-26 16:17:17",
        "calendarYear": "2009",
        "period": "FY",
        "revenue": 303443000000,
        "costOfRevenue": 185833000000,
        "grossProfit": 117610000000,
        "grossProfitRatio": 0.3875851477872286,
        "researchAndDevelopmentExpenses": 0,
        "generalAndAdministrativeExpenses": 14735000000,
        "sellingAndMarketingExpenses": 0,
        "sellingGeneralAndAdministrativeExpenses": 14735000000,
        "otherExpenses": 74693000000,
        "operatingExpenses": 89428000000,
        "costAndExpenses": 275261000000,
        "interestIncome": 0,
        "interestExpense": 548000000,
        "depreciationAndAmortization": 0,
        "ebitda": 34947000000,
        "ebitdaratio": 0.11516825235711485,
        "operatingIncome": 28182000000,
        "operatingIncomeRatio": 0.09287411474313133,
        "totalOtherIncomeExpensesNet": 6595000000,
        "incomeBeforeTax": 34777000000,
        "incomeBeforeTaxRatio": 0.11460801534390314,
        "incomeTaxExpense": 15119000000,
        "netIncome": 19280000000,
        "netIncomeRatio": 0.06353746832189242,
        "eps": 3.99,
        "epsdiluted": 3.98,
        "weightedAverageShsOut": 4832000000,
        "weightedAverageShsOutDil": 4844221106,
        "link": "https://www.sec.gov/Archives/edgar/data/34088/000119312510042929/0001193125-10-042929-index.html",
        "finalLink": "https://www.sec.gov/Archives/edgar/data/34088/000119312510042929/d10k.htm"
    },
    {
        "date": "2008-12-31",
        "symbol": "XOM",
        "reportedCurrency": "USD",
        "cik": "0000034088",
        "fillingDate": "2009-02-27",
        "acceptedDate": "2009-02-27 16:16:54",
        "calendarYear": "2008",
        "period": "FY",
        "revenue": 477359000000,
        "costOfRevenue": 288810000000,
        "grossProfit": 188549000000,
        "grossProfitRatio": 0.3949836496221921,
        "researchAndDevelopmentExpenses": 0,
        "generalAndAdministrativeExpenses": 15873000000,
        "sellingAndMarketingExpenses": 0,
        "sellingGeneralAndAdministrativeExpenses": 15873000000,
        "otherExpenses": 54098000000,
        "operatingExpenses": 69971000000,
        "costAndExpenses": 358781000000,
        "interestIncome": 0,
        "interestExpense": 0,
        "depreciationAndAmortization": 12379000000,
        "ebitda": 94129000000,
        "ebitdaratio": 0.19718702276483738,
        "operatingIncome": 118578000000,
        "operatingIncomeRatio": 0.24840424083341886,
        "totalOtherIncomeExpensesNet": -36828000000,
        "incomeBeforeTax": 81750000000,
        "incomeBeforeTaxRatio": 0.1712547579494678,
        "incomeTaxExpense": 36530000000,
        "netIncome": 45220000000,
        "netIncomeRatio": 0.09472954317400531,
        "eps": 8.78,
        "epsdiluted": 8.69,
        "weightedAverageShsOut": 5149000000,
        "weightedAverageShsOutDil": 5203682394,
        "link": "https://www.sec.gov/Archives/edgar/data/34088/000119312509040966/0001193125-09-040966-index.html",
        "finalLink": "https://www.sec.gov/Archives/edgar/data/34088/000119312509040966/d10k.htm"
    },
    {
        "date": "2007-12-31",
        "symbol": "XOM",
        "reportedCurrency": "USD",
        "cik": "0000034088",
        "fillingDate": "2008-02-28",
        "acceptedDate": "2008-02-28 16:17:53",
        "calendarYear": "2007",
        "period": "FY",
        "revenue": 404552000000,
        "costOfRevenue": 232852000000,
        "grossProfit": 171700000000,
        "grossProfitRatio": 0.42442009927030394,
        "researchAndDevelopmentExpenses": 0,
        "generalAndAdministrativeExpenses": 14890000000,
        "sellingAndMarketingExpenses": 0,
        "sellingGeneralAndAdministrativeExpenses": 14890000000,
        "otherExpenses": 53203000000,
        "operatingExpenses": 68093000000,
        "costAndExpenses": 300945000000,
        "interestIncome": 0,
        "interestExpense": 0,
        "depreciationAndAmortization": 12250000000,
        "ebitda": 82724000000,
        "ebitdaratio": 0.20448298364610729,
        "operatingIncome": 103607000000,
        "operatingIncomeRatio": 0.25610304732148154,
        "totalOtherIncomeExpensesNet": -33133000000,
        "incomeBeforeTax": 70474000000,
        "incomeBeforeTaxRatio": 0.17420257469991496,
        "incomeTaxExpense": 29864000000,
        "netIncome": 40610000000,
        "netIncomeRatio": 0.10038264549427516,
        "eps": 7.36,
        "epsdiluted": 7.28,
        "weightedAverageShsOut": 5517663043,
        "weightedAverageShsOutDil": 5578296703,
        "link": "https://www.sec.gov/Archives/edgar/data/34088/000119312508041781/d10k.htm",
        "finalLink": "https://www.sec.gov/Archives/edgar/data/34088/000119312508041781/d10k.htm"
    },
    {
        "date": "2006-12-31",
        "symbol": "XOM",
        "reportedCurrency": "USD",
        "cik": "0000034088",
        "fillingDate": "2007-02-28",
        "acceptedDate": "2007-02-28 14:53:51",
        "calendarYear": "2006",
        "period": "FY",
        "revenue": 377635000000,
        "costOfRevenue": 213255000000,
        "grossProfit": 164380000000,
        "grossProfitRatio": 0.43528804268672133,
        "researchAndDevelopmentExpenses": 0,
        "generalAndAdministrativeExpenses": 14273000000,
        "sellingAndMarketingExpenses": 0,
        "sellingGeneralAndAdministrativeExpenses": 14273000000,
        "otherExpenses": 81000000000,
        "operatingExpenses": 95273000000,
        "costAndExpenses": 308528000000,
        "interestIncome": 0,
        "interestExpense": 0,
        "depreciationAndAmortization": 11416000000,
        "ebitda": 78818000000,
        "ebitdaratio": 0.20871476425649105,
        "operatingIncome": 69107000000,
        "operatingIncomeRatio": 0.18299945714777496,
        "totalOtherIncomeExpensesNet": -1705000000,
        "incomeBeforeTax": 67402000000,
        "incomeBeforeTaxRatio": 0.1784845154712884,
        "incomeTaxExpense": 27902000000,
        "netIncome": 39500000000,
        "netIncomeRatio": 0.1045983555549671,
        "eps": 6.68,
        "epsdiluted": 6.62,
        "weightedAverageShsOut": 5913173653,
        "weightedAverageShsOutDil": 5966767372,
        "link": "https://www.sec.gov/Archives/edgar/data/34088/000119312507042435/d10k.htm",
        "finalLink": "https://www.sec.gov/Archives/edgar/data/34088/000119312507042435/d10k.htm"
    },
    {
        "date": "2005-12-31",
        "symbol": "XOM",
        "reportedCurrency": "USD",
        "cik": "0000034088",
        "fillingDate": "2006-02-28",
        "acceptedDate": "2006-02-28 12:45:59",
        "calendarYear": "2005",
        "period": "FY",
        "revenue": 370680000000,
        "costOfRevenue": 213002000000,
        "grossProfit": 157678000000,
        "grossProfitRatio": 0.4253749865112766,
        "researchAndDevelopmentExpenses": 0,
        "generalAndAdministrativeExpenses": 14402000000,
        "sellingAndMarketingExpenses": 0,
        "sellingGeneralAndAdministrativeExpenses": 14402000000,
        "otherExpenses": 51807000000,
        "operatingExpenses": 66209000000,
        "costAndExpenses": 279211000000,
        "interestIncome": 0,
        "interestExpense": 0,
        "depreciationAndAmortization": 10253000000,
        "ebitda": 69685000000,
        "ebitdaratio": 0.18799233840509333,
        "operatingIncome": 91469000000,
        "operatingIncomeRatio": 0.246760008632783,
        "totalOtherIncomeExpensesNet": -32037000000,
        "incomeBeforeTax": 59432000000,
        "incomeBeforeTaxRatio": 0.16033236214524657,
        "incomeTaxExpense": 23302000000,
        "netIncome": 36130000000,
        "netIncomeRatio": 0.09746951548505449,
        "eps": 5.76,
        "epsdiluted": 5.71,
        "weightedAverageShsOut": 6272569444,
        "weightedAverageShsOutDil": 6327495622,
        "link": "https://www.sec.gov/Archives/edgar/data/34088/000119312506040951/d10k.htm",
        "finalLink": "https://www.sec.gov/Archives/edgar/data/34088/000119312506040951/d10k.htm"
    },
    {
        "date": "2004-12-31",
        "symbol": "XOM",
        "reportedCurrency": "USD",
        "cik": "0000034088",
        "fillingDate": "2005-02-28",
        "acceptedDate": "2005-02-28 11:31:22",
        "calendarYear": "2004",
        "period": "FY",
        "revenue": 298035000000,
        "costOfRevenue": 163547000000,
        "grossProfit": 134488000000,
        "grossProfitRatio": 0.451249014377506,
        "researchAndDevelopmentExpenses": 0,
        "generalAndAdministrativeExpenses": 13849000000,
        "sellingAndMarketingExpenses": 0,
        "sellingGeneralAndAdministrativeExpenses": 13849000000,
        "otherExpenses": 50721000000,
        "operatingExpenses": 64570000000,
        "costAndExpenses": 228117000000,
        "interestIncome": 0,
        "interestExpense": 0,
        "depreciationAndAmortization": 9767000000,
        "ebitda": 51008000000,
        "ebitdaratio": 0.17114768399684602,
        "operatingIncome": 69918000000,
        "operatingIncomeRatio": 0.23459660778096533,
        "totalOtherIncomeExpensesNet": -28677000000,
        "incomeBeforeTax": 41241000000,
        "incomeBeforeTaxRatio": 0.13837636519200766,
        "incomeTaxExpense": 15911000000,
        "netIncome": 25330000000,
        "netIncomeRatio": 0.08499001795091181,
        "eps": 3.91,
        "epsdiluted": 3.89,
        "weightedAverageShsOut": 6478260870,
        "weightedAverageShsOutDil": 6511568123,
        "link": "https://www.sec.gov/Archives/edgar/data/34088/000119312505038144/d10k.htm",
        "finalLink": "https://www.sec.gov/Archives/edgar/data/34088/000119312505038144/d10k.htm"
    },
    {
        "date": "2003-12-31",
        "symbol": "XOM",
        "reportedCurrency": "USD",
        "cik": "0000034088",
        "fillingDate": "2004-03-15",
        "acceptedDate": "2004-03-15 12:53:35",
        "calendarYear": "2003",
        "period": "FY",
        "revenue": 246738000000,
        "costOfRevenue": 129928000000,
        "grossProfit": 116810000000,
        "grossProfitRatio": 0.4734171469331842,
        "researchAndDevelopmentExpenses": 0,
        "generalAndAdministrativeExpenses": 13396000000,
        "sellingAndMarketingExpenses": 0,
        "sellingGeneralAndAdministrativeExpenses": 13396000000,
        "otherExpenses": 46692000000,
        "operatingExpenses": 60088000000,
        "costAndExpenses": 190016000000,
        "interestIncome": 0,
        "interestExpense": 0,
        "depreciationAndAmortization": 9047000000,
        "ebitda": 41563000000,
        "ebitdaratio": 0.16844993474859973,
        "operatingIncome": 56722000000,
        "operatingIncomeRatio": 0.22988757305319812,
        "totalOtherIncomeExpensesNet": -24756000000,
        "incomeBeforeTax": 31966000000,
        "incomeBeforeTaxRatio": 0.129554426152437,
        "incomeTaxExpense": 11006000000,
        "netIncome": 21510000000,
        "netIncomeRatio": 0.0871774919145004,
        "eps": 3.24,
        "epsdiluted": 3.23,
        "weightedAverageShsOut": 6638888889,
        "weightedAverageShsOutDil": 6659442724,
        "link": "https://www.sec.gov/Archives/edgar/data/34088/000119312504041877/d10k.htm",
        "finalLink": "https://www.sec.gov/Archives/edgar/data/34088/000119312504041877/d10k.htm"
    },
    {
        "date": "2002-12-31",
        "symbol": "XOM",
        "reportedCurrency": "USD",
        "cik": "0000034088",
        "fillingDate": "2002-12-31",
        "acceptedDate": "2002-12-30 19:00:00",
        "calendarYear": "2002",
        "period": "FY",
        "revenue": 204506000000,
        "costOfRevenue": 109701000000,
        "grossProfit": 94805000000,
        "grossProfitRatio": 0.46358053064457766,
        "researchAndDevelopmentExpenses": 0,
        "generalAndAdministrativeExpenses": 12356000000,
        "sellingAndMarketingExpenses": 0,
        "sellingGeneralAndAdministrativeExpenses": 12356000000,
        "otherExpenses": 41882000000,
        "operatingExpenses": 54238000000,
        "costAndExpenses": 163939000000,
        "interestIncome": 0,
        "interestExpense": 0,
        "depreciationAndAmortization": 8310000000,
        "ebitda": 26269000000,
        "ebitdaratio": 0.1284509989926946,
        "operatingIncome": 40567000000,
        "operatingIncomeRatio": 0.19836581811780585,
        "totalOtherIncomeExpensesNet": -23057000000,
        "incomeBeforeTax": 17510000000,
        "incomeBeforeTaxRatio": 0.08562095977624129,
        "incomeTaxExpense": 6499000000,
        "netIncome": 11460000000,
        "netIncomeRatio": 0.05603747567308539,
        "eps": 1.69,
        "epsdiluted": 1.68,
        "weightedAverageShsOut": 6781065089,
        "weightedAverageShsOutDil": 6821428571,
        "link": "",
        "finalLink": ""
    },
    {
        "date": "2001-12-31",
        "symbol": "XOM",
        "reportedCurrency": "USD",
        "cik": "0000034088",
        "fillingDate": "2002-03-27",
        "acceptedDate": "2002-03-27 00:00:00",
        "calendarYear": "2001",
        "period": "FY",
        "revenue": 213488000000,
        "costOfRevenue": 111631000000,
        "grossProfit": 101857000000,
        "grossProfitRatio": 0.4771087836318669,
        "researchAndDevelopmentExpenses": 0,
        "generalAndAdministrativeExpenses": 12900000000,
        "sellingAndMarketingExpenses": 0,
        "sellingGeneralAndAdministrativeExpenses": 12900000000,
        "otherExpenses": 41321000000,
        "operatingExpenses": 54221000000,
        "costAndExpenses": 165852000000,
        "interestIncome": 0,
        "interestExpense": 0,
        "depreciationAndAmortization": 7944000000,
        "ebitda": 32278000000,
        "ebitdaratio": 0.15119350970546355,
        "operatingIncome": 47636000000,
        "operatingIncomeRatio": 0.22313197931499662,
        "totalOtherIncomeExpensesNet": -23517000000,
        "incomeBeforeTax": 24119000000,
        "incomeBeforeTaxRatio": 0.11297590496889755,
        "incomeTaxExpense": 9014000000,
        "netIncome": 15320000000,
        "netIncomeRatio": 0.07176047365659896,
        "eps": 2.23,
        "epsdiluted": 2.21,
        "weightedAverageShsOut": 6869955157,
        "weightedAverageShsOutDil": 6932126697,
        "link": "https://www.sec.gov/Archives/edgar/data/34088/000093066102000889/0000930661-02-000889-index.html",
        "finalLink": "https://www.sec.gov/Archives/edgar/data/34088/000093066102000889/d10k.txt"
    },
    {
        "date": "2000-12-31",
        "symbol": "XOM",
        "reportedCurrency": "USD",
        "cik": "0000034088",
        "fillingDate": "2001-03-28",
        "acceptedDate": "2001-03-28 00:00:00",
        "calendarYear": "2000",
        "period": "FY",
        "revenue": 232748000000,
        "costOfRevenue": 128022000000,
        "grossProfit": 104726000000,
        "grossProfitRatio": 0.4499544571811573,
        "researchAndDevelopmentExpenses": 0,
        "generalAndAdministrativeExpenses": 12044000000,
        "sellingAndMarketingExpenses": 0,
        "sellingGeneralAndAdministrativeExpenses": 12044000000,
        "otherExpenses": 40838000000,
        "operatingExpenses": 52882000000,
        "costAndExpenses": 180904000000,
        "interestIncome": 0,
        "interestExpense": 0,
        "depreciationAndAmortization": 8130000000,
        "ebitda": 36941000000,
        "ebitdaratio": 0.15871672366679843,
        "operatingIncome": 51844000000,
        "operatingIncomeRatio": 0.22274734906422397,
        "totalOtherIncomeExpensesNet": -24763000000,
        "incomeBeforeTax": 27081000000,
        "incomeBeforeTaxRatio": 0.11635330915840308,
        "incomeTaxExpense": 11091000000,
        "netIncome": 17720000000,
        "netIncomeRatio": 0.0761338443294894,
        "eps": 2.55,
        "epsdiluted": 2.52,
        "weightedAverageShsOut": 6949019608,
        "weightedAverageShsOutDil": 7031746032,
        "link": "https://www.sec.gov/Archives/edgar/data/34088/000093066101000781/0000930661-01-000781-index.html",
        "finalLink": "https://www.sec.gov/Archives/edgar/data/34088/000093066101000781/0000930661-01-000781-0001.txt"
    },
    {
        "date": "1999-12-31",
        "symbol": "XOM",
        "reportedCurrency": "USD",
        "cik": "0000034088",
        "fillingDate": "1999-12-31",
        "acceptedDate": "1999-12-30 19:00:00",
        "calendarYear": "1999",
        "period": "FY",
        "revenue": 160883000000,
        "costOfRevenue": 95063000000,
        "grossProfit": 65820000000,
        "grossProfitRatio": 0.40911718453783186,
        "researchAndDevelopmentExpenses": 0,
        "generalAndAdministrativeExpenses": 13134000000,
        "sellingAndMarketingExpenses": 0,
        "sellingGeneralAndAdministrativeExpenses": 13134000000,
        "otherExpenses": 43069000000,
        "operatingExpenses": 56203000000,
        "costAndExpenses": 151266000000,
        "interestIncome": 0,
        "interestExpense": 0,
        "depreciationAndAmortization": 8304000000,
        "ebitda": 19454000000,
        "ebitdaratio": 0.12092017180186844,
        "operatingIncome": 9617000000,
        "operatingIncomeRatio": 0.05977635921756805,
        "totalOtherIncomeExpensesNet": 1533000000,
        "incomeBeforeTax": 11150000000,
        "incomeBeforeTaxRatio": 0.06930502290484389,
        "incomeTaxExpense": 3240000000,
        "netIncome": 7910000000,
        "netIncomeRatio": 0.04916616423114935,
        "eps": 1.14,
        "epsdiluted": 1.125,
        "weightedAverageShsOut": 6907017544,
        "weightedAverageShsOutDil": 6999111111,
        "link": "",
        "finalLink": ""
    },
    {
        "date": "1998-12-31",
        "symbol": "XOM",
        "reportedCurrency": "USD",
        "cik": "0000034088",
        "fillingDate": "1998-12-31",
        "acceptedDate": "1998-12-30 19:00:00",
        "calendarYear": "1998",
        "period": "FY",
        "revenue": 100697000000,
        "costOfRevenue": 57423000000,
        "grossProfit": 43274000000,
        "grossProfitRatio": 0.42974467958330437,
        "researchAndDevelopmentExpenses": 0,
        "generalAndAdministrativeExpenses": 8372000000,
        "sellingAndMarketingExpenses": 0,
        "sellingGeneralAndAdministrativeExpenses": 8372000000,
        "otherExpenses": 27916000000,
        "operatingExpenses": 36288000000,
        "costAndExpenses": 93711000000,
        "interestIncome": 0,
        "interestExpense": 0,
        "depreciationAndAmortization": 5340000000,
        "ebitda": 14326000000,
        "ebitdaratio": 0.14226838932639502,
        "operatingIncome": 6986000000,
        "operatingIncomeRatio": 0.06937644617019376,
        "totalOtherIncomeExpensesNet": 2070000000,
        "incomeBeforeTax": 9056000000,
        "incomeBeforeTaxRatio": 0.08993316583413608,
        "incomeTaxExpense": 2616000000,
        "netIncome": 6370000000,
        "netIncomeRatio": 0.0632590841832428,
        "eps": 1.305,
        "epsdiluted": 1.29,
        "weightedAverageShsOut": 4873563218,
        "weightedAverageShsOutDil": 4930232558,
        "link": "",
        "finalLink": ""
    },
    {
        "date": "1997-12-31",
        "symbol": "XOM",
        "reportedCurrency": "USD",
        "cik": "0000034088",
        "fillingDate": "1997-12-31",
        "acceptedDate": "1997-12-30 19:00:00",
        "calendarYear": "1997",
        "period": "FY",
        "revenue": 120279000000,
        "costOfRevenue": 71769000000,
        "grossProfit": 48510000000,
        "grossProfitRatio": 0.4033122989050458,
        "researchAndDevelopmentExpenses": 0,
        "generalAndAdministrativeExpenses": 8406000000,
        "sellingAndMarketingExpenses": 0,
        "sellingGeneralAndAdministrativeExpenses": 8406000000,
        "otherExpenses": 28585000000,
        "operatingExpenses": 36991000000,
        "costAndExpenses": 108760000000,
        "interestIncome": 0,
        "interestExpense": 0,
        "depreciationAndAmortization": 5474000000,
        "ebitda": 18272000000,
        "ebitdaratio": 0.15191346785390633,
        "operatingIncome": 11519000000,
        "operatingIncomeRatio": 0.09576900373298747,
        "totalOtherIncomeExpensesNet": 1279000000,
        "incomeBeforeTax": 12798000000,
        "incomeBeforeTaxRatio": 0.10640261392262988,
        "incomeTaxExpense": 4338000000,
        "netIncome": 8460000000,
        "netIncomeRatio": 0.07033646771256828,
        "eps": 1.705,
        "epsdiluted": 1.685,
        "weightedAverageShsOut": 4961876833,
        "weightedAverageShsOutDil": 5020771513,
        "link": "",
        "finalLink": ""
    },
    {
        "date": "1996-12-31",
        "symbol": "XOM",
        "reportedCurrency": "USD",
        "cik": "0000034088",
        "fillingDate": "1996-12-31",
        "acceptedDate": "1996-12-30 19:00:00",
        "calendarYear": "1996",
        "period": "FY",
        "revenue": 116728000000,
        "costOfRevenue": 70424000000,
        "grossProfit": 46304000000,
        "grossProfitRatio": 0.3966828867109862,
        "researchAndDevelopmentExpenses": 0,
        "generalAndAdministrativeExpenses": 7961000000,
        "sellingAndMarketingExpenses": 0,
        "sellingGeneralAndAdministrativeExpenses": 7961000000,
        "otherExpenses": 28285000000,
        "operatingExpenses": 36246000000,
        "costAndExpenses": 106670000000,
        "interestIncome": 0,
        "interestExpense": 0,
        "depreciationAndAmortization": 5329000000,
        "ebitda": 17245000000,
        "ebitdaratio": 0.14773661846343636,
        "operatingIncome": 10058000000,
        "operatingIncomeRatio": 0.08616612980604482,
        "totalOtherIncomeExpensesNet": 1858000000,
        "incomeBeforeTax": 11916000000,
        "incomeBeforeTaxRatio": 0.10208347611541362,
        "incomeTaxExpense": 4406000000,
        "netIncome": 7510000000,
        "netIncomeRatio": 0.06433760537317525,
        "eps": 1.505,
        "epsdiluted": 1.505,
        "weightedAverageShsOut": 4972093023,
        "weightedAverageShsOutDil": 5040201005,
        "link": "",
        "finalLink": ""
    },
    {
        "date": "1995-12-31",
        "symbol": "XOM",
        "reportedCurrency": "USD",
        "cik": "0000034088",
        "fillingDate": "1996-03-08",
        "acceptedDate": "1996-03-08 00:00:00",
        "calendarYear": "1995",
        "period": "FY",
        "revenue": 107893000000,
        "costOfRevenue": 62352000000,
        "grossProfit": 45541000000,
        "grossProfitRatio": 0.42209411175887224,
        "researchAndDevelopmentExpenses": 0,
        "generalAndAdministrativeExpenses": 7629000000,
        "sellingAndMarketingExpenses": 0,
        "sellingGeneralAndAdministrativeExpenses": 7629000000,
        "otherExpenses": 28714000000,
        "operatingExpenses": 36343000000,
        "costAndExpenses": 98695000000,
        "interestIncome": 0,
        "interestExpense": 0,
        "depreciationAndAmortization": 5386000000,
        "ebitda": 15828000000,
        "ebitdaratio": 0.1467008981120184,
        "operatingIncome": 9198000000,
        "operatingIncomeRatio": 0.08525112843279917,
        "totalOtherIncomeExpensesNet": 1244000000,
        "incomeBeforeTax": 10442000000,
        "incomeBeforeTaxRatio": 0.09678107013429972,
        "incomeTaxExpense": 3972000000,
        "netIncome": 6470000000,
        "netIncomeRatio": 0.059966818978061595,
        "eps": 1.295,
        "epsdiluted": 1.295,
        "weightedAverageShsOut": 4966795367,
        "weightedAverageShsOutDil": 4989583333,
        "link": "https://www.sec.gov/Archives/edgar/data/34088/000093066196000138/0000930661-96-000138-index.html",
        "finalLink": "https://www.sec.gov/Archives/edgar/data/34088/0000930661-96-000138.txt"
    },
    {
        "date": "1994-12-31",
        "symbol": "XOM",
        "reportedCurrency": "USD",
        "cik": "0000034088",
        "fillingDate": "1995-03-10",
        "acceptedDate": "1995-03-10 00:00:00",
        "calendarYear": "1994",
        "period": "FY",
        "revenue": 99683000000,
        "costOfRevenue": 59224000000,
        "grossProfit": 40459000000,
        "grossProfitRatio": 0.4058766289136563,
        "researchAndDevelopmentExpenses": 0,
        "generalAndAdministrativeExpenses": 7226000000,
        "sellingAndMarketingExpenses": 0,
        "sellingGeneralAndAdministrativeExpenses": 7226000000,
        "otherExpenses": 26199000000,
        "operatingExpenses": 33425000000,
        "costAndExpenses": 92649000000,
        "interestIncome": 0,
        "interestExpense": 0,
        "depreciationAndAmortization": 5015000000,
        "ebitda": 12819000000,
        "ebitdaratio": 0.12859765456497096,
        "operatingIncome": 7034000000,
        "operatingIncomeRatio": 0.07056368688743317,
        "totalOtherIncomeExpensesNet": 770000000,
        "incomeBeforeTax": 7804000000,
        "incomeBeforeTaxRatio": 0.07828817351002679,
        "incomeTaxExpense": 2704000000,
        "netIncome": 5100000000,
        "netIncomeRatio": 0.05116218412367204,
        "eps": 1.0175,
        "epsdiluted": 1.0175,
        "weightedAverageShsOut": 4970909091,
        "weightedAverageShsOutDil": 5039370079,
        "link": "https://www.sec.gov/Archives/edgar/data/34088/000095010995000647/0000950109-95-000647-index.html",
        "finalLink": "https://www.sec.gov/Archives/edgar/data/34088/0000950109-95-000647.txt"
    },
    {
        "date": "1993-12-31",
        "symbol": "XOM",
        "reportedCurrency": "USD",
        "cik": "0000034088",
        "fillingDate": "1993-12-31",
        "acceptedDate": "1993-12-30 19:00:00",
        "calendarYear": "1993",
        "period": "FY",
        "revenue": 97825000000,
        "costOfRevenue": 58883000000,
        "grossProfit": 38942000000,
        "grossProfitRatio": 0.39807820086889856,
        "researchAndDevelopmentExpenses": 0,
        "generalAndAdministrativeExpenses": 0,
        "sellingAndMarketingExpenses": 0,
        "sellingGeneralAndAdministrativeExpenses": 7009000000,
        "otherExpenses": 24629000000,
        "operatingExpenses": 31638000000,
        "costAndExpenses": 90521000000,
        "interestIncome": 0,
        "interestExpense": 0,
        "depreciationAndAmortization": 4884000000,
        "ebitda": 12936000000,
        "ebitdaratio": 0.13223613595706618,
        "operatingIncome": 7304000000,
        "operatingIncomeRatio": 0.07466394071045233,
        "totalOtherIncomeExpensesNet": 748000000,
        "incomeBeforeTax": 8052000000,
        "incomeBeforeTaxRatio": 0.08231024789164323,
        "incomeTaxExpense": 2772000000,
        "netIncome": 5280000000,
        "netIncomeRatio": 0.05397393304370048,
        "eps": 1.05,
        "epsdiluted": 1.045,
        "weightedAverageShsOut": 4957238095,
        "weightedAverageShsOutDil": 4980956938,
        "link": "",
        "finalLink": ""
    },
    {
        "date": "1992-12-31",
        "symbol": "XOM",
        "reportedCurrency": "USD",
        "cik": "0000034088",
        "fillingDate": "1992-12-31",
        "acceptedDate": "1992-12-30 19:00:00",
        "calendarYear": "1992",
        "period": "FY",
        "revenue": 103160000000,
        "costOfRevenue": 62287000000,
        "grossProfit": 40873000000,
        "grossProfitRatio": 0.39620977122915857,
        "researchAndDevelopmentExpenses": 0,
        "generalAndAdministrativeExpenses": 0,
        "sellingAndMarketingExpenses": 0,
        "sellingGeneralAndAdministrativeExpenses": 7432000000,
        "otherExpenses": 26557000000,
        "operatingExpenses": 33989000000,
        "costAndExpenses": 96276000000,
        "interestIncome": 0,
        "interestExpense": 0,
        "depreciationAndAmortization": 5044000000,
        "ebitda": 12291000000,
        "ebitdaratio": 0.11914501744862349,
        "operatingIncome": 6884000000,
        "operatingIncomeRatio": 0.06673129119813881,
        "totalOtherIncomeExpensesNet": 403000000,
        "incomeBeforeTax": 7287000000,
        "incomeBeforeTaxRatio": 0.0706378441256301,
        "incomeTaxExpense": 2477000000,
        "netIncome": 4770000000,
        "netIncomeRatio": 0.04623885226832106,
        "eps": 0.945,
        "epsdiluted": 0.945,
        "weightedAverageShsOut": 4983280423,
        "weightedAverageShsOutDil": 4983280423,
        "link": "",
        "finalLink": ""
    },
    {
        "date": "1991-12-31",
        "symbol": "XOM",
        "reportedCurrency": "USD",
        "cik": "0000034088",
        "fillingDate": "1991-12-31",
        "acceptedDate": "1991-12-30 19:00:00",
        "calendarYear": "1991",
        "period": "FY",
        "revenue": 102847000000,
        "costOfRevenue": 61248000000,
        "grossProfit": 41599000000,
        "grossProfitRatio": 0.4044746079127247,
        "researchAndDevelopmentExpenses": 0,
        "generalAndAdministrativeExpenses": 0,
        "sellingAndMarketingExpenses": 0,
        "sellingGeneralAndAdministrativeExpenses": 7881000000,
        "otherExpenses": 25647000000,
        "operatingExpenses": 33528000000,
        "costAndExpenses": 94776000000,
        "interestIncome": 0,
        "interestExpense": 0,
        "depreciationAndAmortization": 4824000000,
        "ebitda": 13342000000,
        "ebitdaratio": 0.12972668138108062,
        "operatingIncome": 8071000000,
        "operatingIncomeRatio": 0.07847579414081111,
        "totalOtherIncomeExpensesNet": 447000000,
        "incomeBeforeTax": 8518000000,
        "incomeBeforeTaxRatio": 0.08282205606386185,
        "incomeTaxExpense": 2918000000,
        "netIncome": 5600000000,
        "netIncomeRatio": 0.054449813801083165,
        "eps": 1.115,
        "epsdiluted": 1.115,
        "weightedAverageShsOut": 4963677130,
        "weightedAverageShsOutDil": 4963677130,
        "link": "",
        "finalLink": ""
    },
    {
        "date": "1990-12-31",
        "symbol": "XOM",
        "reportedCurrency": "USD",
        "cik": "0000034088",
        "fillingDate": "1990-12-31",
        "acceptedDate": "1990-12-30 19:00:00",
        "calendarYear": "1990",
        "period": "FY",
        "revenue": 105519000000,
        "costOfRevenue": 63698000000,
        "grossProfit": 41821000000,
        "grossProfitRatio": 0.3963362048541021,
        "researchAndDevelopmentExpenses": 0,
        "generalAndAdministrativeExpenses": 0,
        "sellingAndMarketingExpenses": 0,
        "sellingGeneralAndAdministrativeExpenses": 7776000000,
        "otherExpenses": 25439000000,
        "operatingExpenses": 33215000000,
        "costAndExpenses": 96913000000,
        "interestIncome": 0,
        "interestExpense": 0,
        "depreciationAndAmortization": 5545000000,
        "ebitda": 13725000000,
        "ebitdaratio": 0.13007136155573878,
        "operatingIncome": 8606000000,
        "operatingIncomeRatio": 0.08155877140609748,
        "totalOtherIncomeExpensesNet": -426000000,
        "incomeBeforeTax": 8180000000,
        "incomeBeforeTaxRatio": 0.07752158379059695,
        "incomeTaxExpense": 3170000000,
        "netIncome": 5010000000,
        "netIncomeRatio": 0.04747960083018224,
        "eps": 0.99,
        "epsdiluted": 0.99,
        "weightedAverageShsOut": 4989696970,
        "weightedAverageShsOutDil": 4989696970,
        "link": "",
        "finalLink": ""
    },
    {
        "date": "1989-12-31",
        "symbol": "XOM",
        "reportedCurrency": "USD",
        "cik": "0000034088",
        "fillingDate": "1989-12-31",
        "acceptedDate": "1989-12-30 19:00:00",
        "calendarYear": "1989",
        "period": "FY",
        "revenue": 86656000000,
        "costOfRevenue": 50675000000,
        "grossProfit": 35981000000,
        "grossProfitRatio": 0.415216488183161,
        "researchAndDevelopmentExpenses": 0,
        "generalAndAdministrativeExpenses": 0,
        "sellingAndMarketingExpenses": 0,
        "sellingGeneralAndAdministrativeExpenses": 6398000000,
        "otherExpenses": 21619000000,
        "operatingExpenses": 28017000000,
        "costAndExpenses": 78692000000,
        "interestIncome": 0,
        "interestExpense": 0,
        "depreciationAndAmortization": 5002000000,
        "ebitda": 10540000000,
        "ebitdaratio": 0.12163035450516986,
        "operatingIncome": 7964000000,
        "operatingIncomeRatio": 0.09190361890694239,
        "totalOtherIncomeExpensesNet": -2961000000,
        "incomeBeforeTax": 5003000000,
        "incomeBeforeTaxRatio": 0.05773402880354505,
        "incomeTaxExpense": 2028000000,
        "netIncome": 3510000000,
        "netIncomeRatio": 0.040504985228951254,
        "eps": 0.685,
        "epsdiluted": 0.685,
        "weightedAverageShsOut": 5124087591,
        "weightedAverageShsOutDil": 5124087591,
        "link": "",
        "finalLink": ""
    },
    {
        "date": "1988-12-31",
        "symbol": "XOM",
        "reportedCurrency": "USD",
        "cik": "0000034088",
        "fillingDate": "1988-12-31",
        "acceptedDate": "1988-12-30 19:00:00",
        "calendarYear": "1988",
        "period": "FY",
        "revenue": 79557000000,
        "costOfRevenue": 44505000000,
        "grossProfit": 35052000000,
        "grossProfitRatio": 0.4405897658282741,
        "researchAndDevelopmentExpenses": 0,
        "generalAndAdministrativeExpenses": 0,
        "sellingAndMarketingExpenses": 0,
        "sellingGeneralAndAdministrativeExpenses": 5824000000,
        "otherExpenses": 20941000000,
        "operatingExpenses": 26765000000,
        "costAndExpenses": 71270000000,
        "interestIncome": 0,
        "interestExpense": 0,
        "depreciationAndAmortization": 4790000000,
        "ebitda": 13174000000,
        "ebitdaratio": 0.16559196550900612,
        "operatingIncome": 8287000000,
        "operatingIncomeRatio": 0.10416430986588232,
        "totalOtherIncomeExpensesNet": 97000000,
        "incomeBeforeTax": 8384000000,
        "incomeBeforeTaxRatio": 0.10538356147164926,
        "incomeTaxExpense": 3124000000,
        "netIncome": 5260000000,
        "netIncomeRatio": 0.06611611800344407,
        "eps": 0.99,
        "epsdiluted": 0.99,
        "weightedAverageShsOut": 5313131313,
        "weightedAverageShsOutDil": 5313131313,
        "link": "",
        "finalLink": ""
    },
    {
        "date": "1987-12-31",
        "symbol": "XOM",
        "reportedCurrency": "USD",
        "cik": "0000034088",
        "fillingDate": "1987-12-31",
        "acceptedDate": "1987-12-30 19:00:00",
        "calendarYear": "1987",
        "period": "FY",
        "revenue": 76416000000,
        "costOfRevenue": 44429000000,
        "grossProfit": 31987000000,
        "grossProfitRatio": 0.4185903475711893,
        "researchAndDevelopmentExpenses": 0,
        "generalAndAdministrativeExpenses": 0,
        "sellingAndMarketingExpenses": 0,
        "sellingGeneralAndAdministrativeExpenses": 5621000000,
        "otherExpenses": 19358000000,
        "operatingExpenses": 24979000000,
        "costAndExpenses": 69408000000,
        "interestIncome": 0,
        "interestExpense": 0,
        "depreciationAndAmortization": 4274000000,
        "ebitda": 11817000000,
        "ebitdaratio": 0.15464038944723618,
        "operatingIncome": 7008000000,
        "operatingIncomeRatio": 0.09170854271356783,
        "totalOtherIncomeExpensesNet": 535000000,
        "incomeBeforeTax": 7543000000,
        "incomeBeforeTaxRatio": 0.09870969430485763,
        "incomeTaxExpense": 2703000000,
        "netIncome": 4840000000,
        "netIncomeRatio": 0.06333752093802344,
        "eps": 0.86,
        "epsdiluted": 0.86,
        "weightedAverageShsOut": 5627906977,
        "weightedAverageShsOutDil": 5627906977,
        "link": "",
        "finalLink": ""
    },
    {
        "date": "1986-12-31",
        "symbol": "XOM",
        "reportedCurrency": "USD",
        "cik": "0000034088",
        "fillingDate": "1986-12-31",
        "acceptedDate": "1986-12-30 19:00:00",
        "calendarYear": "1986",
        "period": "FY",
        "revenue": 69888000000,
        "costOfRevenue": 39316000000,
        "grossProfit": 30572000000,
        "grossProfitRatio": 0.43744276556776557,
        "researchAndDevelopmentExpenses": 0,
        "generalAndAdministrativeExpenses": 0,
        "sellingAndMarketingExpenses": 0,
        "sellingGeneralAndAdministrativeExpenses": 5230000000,
        "otherExpenses": 17491000000,
        "operatingExpenses": 22721000000,
        "costAndExpenses": 62037000000,
        "interestIncome": 0,
        "interestExpense": 0,
        "depreciationAndAmortization": 4415000000,
        "ebitda": 12971000000,
        "ebitdaratio": 0.18559695512820512,
        "operatingIncome": 7851000000,
        "operatingIncomeRatio": 0.11233688186813187,
        "totalOtherIncomeExpensesNet": 705000000,
        "incomeBeforeTax": 8556000000,
        "incomeBeforeTaxRatio": 0.12242445054945054,
        "incomeTaxExpense": 3196000000,
        "netIncome": 5360000000,
        "netIncomeRatio": 0.0766941391941392,
        "eps": 0.93,
        "epsdiluted": 0.93,
        "weightedAverageShsOut": 5763440860,
        "weightedAverageShsOutDil": 5763440860,
        "link": "",
        "finalLink": ""
    },
    {
        "date": "1985-12-31",
        "symbol": "XOM",
        "reportedCurrency": "USD",
        "cik": "0000034088",
        "fillingDate": "1985-12-31",
        "acceptedDate": "1985-12-30 19:00:00",
        "calendarYear": "1985",
        "period": "FY",
        "revenue": 86673000000,
        "costOfRevenue": 55733000000,
        "grossProfit": 30940000000,
        "grossProfitRatio": 0.35697391344478674,
        "researchAndDevelopmentExpenses": 0,
        "generalAndAdministrativeExpenses": 0,
        "sellingAndMarketingExpenses": 0,
        "sellingGeneralAndAdministrativeExpenses": 4824000000,
        "otherExpenses": 15993000000,
        "operatingExpenses": 20817000000,
        "costAndExpenses": 76550000000,
        "interestIncome": 0,
        "interestExpense": 0,
        "depreciationAndAmortization": 4274000000,
        "ebitda": 13832000000,
        "ebitdaratio": 0.15958833777531642,
        "operatingIncome": 10123000000,
        "operatingIncomeRatio": 0.11679531111188028,
        "totalOtherIncomeExpensesNet": -565000000,
        "incomeBeforeTax": 9558000000,
        "incomeBeforeTaxRatio": 0.11027655671316326,
        "incomeTaxExpense": 4688000000,
        "netIncome": 4870000000,
        "netIncomeRatio": 0.05618820163141924,
        "eps": 0.81,
        "epsdiluted": 0.81,
        "weightedAverageShsOut": 6012345679,
        "weightedAverageShsOutDil": 6012345679,
        "link": "",
        "finalLink": ""
    }
]